BarIdx,BarTime,Price,BidVol,AskVol
0,2026-07-13 08:30:00,7595.5,94,124
0,2026-07-13 08:30:00,7595.75,21,95
0,2026-07-13 08:30:00,7595.25,71,34
0,2026-07-13 08:30:00,7595,26,0
0,2026-07-13 08:30:00,7596,33,42
0,2026-07-13 08:30:00,7596.25,55,70
0,2026-07-13 08:30:00,7596.5,54,27
0,2026-07-13 08:30:00,7596.75,77,73
0,2026-07-13 08:30:00,7597,74,44
0,2026-07-13 08:30:00,7597.25,31,95
0,2026-07-13 08:30:00,7597.5,43,50
0,2026-07-13 08:30:00,7597.75,28,33
0,2026-07-13 08:30:00,7598,35,36
0,2026-07-13 08:30:00,7598.25,141,122
0,2026-07-13 08:30:00,7598.5,83,115
0,2026-07-13 08:30:00,7598.75,60,52
0,2026-07-13 08:30:00,7599,21,27
0,2026-07-13 08:30:00,7599.25,0,14
1,2026-07-13 08:30:03,7597,41,115
1,2026-07-13 08:30:03,7596.75,92,120
1,2026-07-13 08:30:03,7596.5,119,153
1,2026-07-13 08:30:03,7596.25,162,215
1,2026-07-13 08:30:03,7596,217,175
1,2026-07-13 08:30:03,7595.75,242,119
1,2026-07-13 08:30:03,7597.25,13,35
1,2026-07-13 08:30:03,7597.5,3,15
1,2026-07-13 08:30:03,7595.5,92,41
1,2026-07-13 08:30:03,7595.25,28,3
2,2026-07-13 08:30:15,7595.75,0,2
2,2026-07-13 08:30:15,7596,89,26
2,2026-07-13 08:30:15,7596.25,51,53
2,2026-07-13 08:30:15,7596.5,71,30
2,2026-07-13 08:30:15,7596.75,67,48
2,2026-07-13 08:30:15,7597,267,125
2,2026-07-13 08:30:15,7597.25,202,218
2,2026-07-13 08:30:15,7597.5,170,163
2,2026-07-13 08:30:15,7597.75,51,63
2,2026-07-13 08:30:15,7598,58,37
2,2026-07-13 08:30:15,7598.25,67,86
2,2026-07-13 08:30:15,7598.5,7,21
2,2026-07-13 08:30:15,7598.75,8,20
3,2026-07-13 08:30:31,7596.25,97,103
3,2026-07-13 08:30:31,7596,24,45
3,2026-07-13 08:30:31,7596.5,46,42
3,2026-07-13 08:30:31,7596.75,8,24
3,2026-07-13 08:30:31,7595.75,49,29
3,2026-07-13 08:30:31,7595.5,35,17
3,2026-07-13 08:30:31,7595.25,52,55
3,2026-07-13 08:30:31,7595,31,36
3,2026-07-13 08:30:31,7594.75,77,70
3,2026-07-13 08:30:31,7594.5,7,0
3,2026-07-13 08:30:31,7597,21,22
3,2026-07-13 08:30:31,7597.25,12,25
3,2026-07-13 08:30:31,7597.5,32,38
3,2026-07-13 08:30:31,7597.75,12,33
3,2026-07-13 08:30:31,7598,66,59
3,2026-07-13 08:30:31,7598.25,92,85
3,2026-07-13 08:30:31,7598.5,49,45
3,2026-07-13 08:30:31,7598.75,53,49
3,2026-07-13 08:30:31,7599,48,67
3,2026-07-13 08:30:31,7599.25,58,81
3,2026-07-13 08:30:31,7599.5,6,52
3,2026-07-13 08:30:31,7599.75,0,33
3,2026-07-13 08:30:31,7600,32,48
3,2026-07-13 08:30:31,7600.25,0,28
3,2026-07-13 08:30:31,7600.5,0,6
4,2026-07-13 08:30:52,7600.5,24,25
4,2026-07-13 08:30:52,7600.75,25,39
4,2026-07-13 08:30:52,7601,4,30
4,2026-07-13 08:30:52,7601.25,17,22
4,2026-07-13 08:30:52,7601.5,59,78
4,2026-07-13 08:30:52,7601.75,6,66
4,2026-07-13 08:30:52,7602,60,86
4,2026-07-13 08:30:52,7602.25,115,64
4,2026-07-13 08:30:52,7602.5,132,164
4,2026-07-13 08:30:52,7602.75,194,176
4,2026-07-13 08:30:52,7603,66,127
4,2026-07-13 08:30:52,7603.25,35,46
4,2026-07-13 08:30:52,7603.5,41,83
4,2026-07-13 08:30:52,7603.75,14,53
4,2026-07-13 08:30:52,7604,72,38
4,2026-07-13 08:30:52,7604.25,0,40
5,2026-07-13 08:31:08,7602.5,197,235
5,2026-07-13 08:31:08,7602.25,235,237
5,2026-07-13 08:31:08,7602.75,87,234
5,2026-07-13 08:31:08,7602,168,72
5,2026-07-13 08:31:08,7603,61,56
5,2026-07-13 08:31:08,7603.25,84,76
5,2026-07-13 08:31:08,7601.75,30,19
5,2026-07-13 08:31:08,7601.5,15,4
5,2026-07-13 08:31:08,7603.5,43,76
5,2026-07-13 08:31:08,7603.75,22,44
5,2026-07-13 08:31:08,7604,0,5
6,2026-07-13 08:31:28,7601.75,54,78
6,2026-07-13 08:31:28,7601.5,119,112
6,2026-07-13 08:31:28,7601.25,72,62
6,2026-07-13 08:31:28,7601,48,7
6,2026-07-13 08:31:28,7602,74,99
6,2026-07-13 08:31:28,7602.25,42,125
6,2026-07-13 08:31:28,7602.5,64,61
6,2026-07-13 08:31:28,7602.75,0,27
6,2026-07-13 08:31:28,7603,30,21
6,2026-07-13 08:31:28,7603.25,3,41
6,2026-07-13 08:31:28,7603.5,1,9
6,2026-07-13 08:31:28,7603.75,33,22
6,2026-07-13 08:31:28,7604,44,56
6,2026-07-13 08:31:28,7604.25,90,97
6,2026-07-13 08:31:28,7604.5,22,83
6,2026-07-13 08:31:28,7604.75,0,37
6,2026-07-13 08:31:28,7605,0,110
6,2026-07-13 08:31:28,7605.25,58,57
6,2026-07-13 08:31:28,7605.5,29,53
6,2026-07-13 08:31:28,7605.75,2,35
6,2026-07-13 08:31:28,7606,0,23
7,2026-07-13 08:31:41,7605.5,45,40
7,2026-07-13 08:31:41,7605.75,141,165
7,2026-07-13 08:31:41,7606,234,224
7,2026-07-13 08:31:41,7606.25,169,259
7,2026-07-13 08:31:41,7606.5,116,247
7,2026-07-13 08:31:41,7606.75,105,126
7,2026-07-13 08:31:41,7607,14,96
7,2026-07-13 08:31:41,7605.25,14,5
8,2026-07-13 08:31:59,7606.5,24,68
8,2026-07-13 08:31:59,7606.25,127,155
8,2026-07-13 08:31:59,7606,160,80
8,2026-07-13 08:31:59,7605.75,22,43
8,2026-07-13 08:31:59,7605.5,85,62
8,2026-07-13 08:31:59,7605.25,21,2
8,2026-07-13 08:31:59,7606.75,55,68
8,2026-07-13 08:31:59,7607,105,96
8,2026-07-13 08:31:59,7607.25,70,128
8,2026-07-13 08:31:59,7607.5,98,137
8,2026-07-13 08:31:59,7607.75,89,158
8,2026-07-13 08:31:59,7608,27,88
8,2026-07-13 08:31:59,7608.25,2,27
8,2026-07-13 08:31:59,7608.5,0,3
9,2026-07-13 08:32:19,7608.25,109,92
9,2026-07-13 08:32:19,7608.5,138,125
9,2026-07-13 08:32:19,7608,98,168
9,2026-07-13 08:32:19,7608.75,131,132
9,2026-07-13 08:32:19,7609,158,208
9,2026-07-13 08:32:19,7607.75,123,22
9,2026-07-13 08:32:19,7607.5,39,23
9,2026-07-13 08:32:19,7607.25,7,0
9,2026-07-13 08:32:19,7609.25,89,137
9,2026-07-13 08:32:19,7609.5,62,123
9,2026-07-13 08:32:19,7609.75,0,16
10,2026-07-13 08:32:38,7608.5,18,12
10,2026-07-13 08:32:38,7608.75,0,5
10,2026-07-13 08:32:38,7608.25,7,8
10,2026-07-13 08:32:38,7608,25,79
10,2026-07-13 08:32:38,7607.75,119,119
10,2026-07-13 08:32:38,7607.5,110,95
10,2026-07-13 08:32:38,7607.25,102,97
10,2026-07-13 08:32:38,7607,153,169
10,2026-07-13 08:32:38,7606.75,288,428
10,2026-07-13 08:32:38,7606.5,154,0
10,2026-07-13 08:32:38,7606.25,12,0
11,2026-07-13 08:32:54,7606.75,64,84
11,2026-07-13 08:32:54,7607,46,45
11,2026-07-13 08:32:54,7606.5,27,54
11,2026-07-13 08:32:54,7607.25,0,13
11,2026-07-13 08:32:54,7606.25,78,80
11,2026-07-13 08:32:54,7606,59,109
11,2026-07-13 08:32:54,7605.75,192,179
11,2026-07-13 08:32:54,7605.5,208,123
11,2026-07-13 08:32:54,7605.25,91,27
11,2026-07-13 08:32:54,7605,66,47
11,2026-07-13 08:32:54,7604.75,124,71
11,2026-07-13 08:32:54,7604.5,114,53
11,2026-07-13 08:32:54,7604.25,42,4
12,2026-07-13 08:33:09,7604.25,95,157
12,2026-07-13 08:33:09,7604,167,178
12,2026-07-13 08:33:09,7603.75,201,243
12,2026-07-13 08:33:09,7603.5,203,227
12,2026-07-13 08:33:09,7603.25,229,158
12,2026-07-13 08:33:09,7603,61,25
12,2026-07-13 08:33:09,7604.5,11,45
13,2026-07-13 08:33:33,7603.75,193,250
13,2026-07-13 08:33:33,7604,22,73
13,2026-07-13 08:33:33,7603.5,248,285
13,2026-07-13 08:33:33,7604.25,3,7
13,2026-07-13 08:33:33,7603.25,264,256
13,2026-07-13 08:33:33,7603,125,93
13,2026-07-13 08:33:33,7602.75,98,51
13,2026-07-13 08:33:33,7602.5,29,3
14,2026-07-13 08:34:02,7603.75,19,52
14,2026-07-13 08:34:02,7603.5,41,34
14,2026-07-13 08:34:02,7603.25,16,26
14,2026-07-13 08:34:02,7603,13,4
14,2026-07-13 08:34:02,7604,96,57
14,2026-07-13 08:34:02,7604.25,223,185
14,2026-07-13 08:34:02,7604.5,207,215
14,2026-07-13 08:34:02,7604.75,197,259
14,2026-07-13 08:34:02,7605,88,152
14,2026-07-13 08:34:02,7605.25,22,58
14,2026-07-13 08:34:02,7605.5,7,29
15,2026-07-13 08:34:21,7604.75,74,81
15,2026-07-13 08:34:21,7604.5,111,27
15,2026-07-13 08:34:21,7605,73,49
15,2026-07-13 08:34:21,7605.25,112,92
15,2026-07-13 08:34:21,7605.5,103,122
15,2026-07-13 08:34:21,7605.75,77,119
15,2026-07-13 08:34:21,7606,29,64
15,2026-07-13 08:34:21,7606.25,54,63
15,2026-07-13 08:34:21,7606.5,80,88
15,2026-07-13 08:34:21,7606.75,56,93
15,2026-07-13 08:34:21,7607,57,143
15,2026-07-13 08:34:21,7607.25,0,15
15,2026-07-13 08:34:21,7604.25,26,49
15,2026-07-13 08:34:21,7604,89,50
15,2026-07-13 08:34:21,7603.75,4,0
16,2026-07-13 08:34:40,7604.25,76,100
16,2026-07-13 08:34:40,7604.5,9,59
16,2026-07-13 08:34:40,7604,17,11
16,2026-07-13 08:34:40,7603.75,2,0
16,2026-07-13 08:34:40,7604.75,9,5
16,2026-07-13 08:34:40,7605,139,75
16,2026-07-13 08:34:40,7605.25,297,197
16,2026-07-13 08:34:40,7605.5,85,206
16,2026-07-13 08:34:40,7605.75,102,126
16,2026-07-13 08:34:40,7606,76,140
16,2026-07-13 08:34:40,7606.25,60,96
16,2026-07-13 08:34:40,7606.5,18,42
16,2026-07-13 08:34:40,7606.75,16,30
16,2026-07-13 08:34:40,7607,0,7
17,2026-07-13 08:35:03,7605.75,35,38
17,2026-07-13 08:35:03,7605.5,53,45
17,2026-07-13 08:35:03,7605.25,2,0
17,2026-07-13 08:35:03,7606,11,15
17,2026-07-13 08:35:03,7606.25,38,37
17,2026-07-13 08:35:03,7606.5,55,66
17,2026-07-13 08:35:03,7606.75,63,72
17,2026-07-13 08:35:03,7607,105,113
17,2026-07-13 08:35:03,7607.25,77,169
17,2026-07-13 08:35:03,7607.5,78,91
17,2026-07-13 08:35:03,7607.75,91,99
17,2026-07-13 08:35:03,7608,181,167
17,2026-07-13 08:35:03,7608.25,56,133
17,2026-07-13 08:35:03,7608.5,48,42
17,2026-07-13 08:35:03,7608.75,0,20
18,2026-07-13 08:35:25,7607.5,237,264
18,2026-07-13 08:35:25,7607.75,290,386
18,2026-07-13 08:35:25,7607.25,163,128
18,2026-07-13 08:35:25,7607,129,87
18,2026-07-13 08:35:25,7608,59,165
18,2026-07-13 08:35:25,7606.75,29,11
18,2026-07-13 08:35:25,7608.25,22,30
19,2026-07-13 08:35:54,7606.75,72,124
19,2026-07-13 08:35:54,7607,71,48
19,2026-07-13 08:35:54,7607.25,23,21
19,2026-07-13 08:35:54,7606.5,146,159
19,2026-07-13 08:35:54,7606.25,169,131
19,2026-07-13 08:35:54,7606,166,133
19,2026-07-13 08:35:54,7607.5,0,10
19,2026-07-13 08:35:54,7605.75,187,172
19,2026-07-13 08:35:54,7605.5,151,53
19,2026-07-13 08:35:54,7605.25,22,11
19,2026-07-13 08:35:54,7605,52,41
19,2026-07-13 08:35:54,7604.75,38,0
20,2026-07-13 08:36:21,7605,1,3
20,2026-07-13 08:36:21,7605.25,72,61
20,2026-07-13 08:36:21,7605.5,165,124
20,2026-07-13 08:36:21,7605.75,286,253
20,2026-07-13 08:36:21,7606,323,391
20,2026-07-13 08:36:21,7606.25,47,144
20,2026-07-13 08:36:21,7606.5,27,24
20,2026-07-13 08:36:21,7606.75,12,67
21,2026-07-13 08:36:48,7605.25,75,84
21,2026-07-13 08:36:48,7605,198,158
21,2026-07-13 08:36:48,7604.75,93,50
21,2026-07-13 08:36:48,7604.5,129,64
21,2026-07-13 08:36:48,7605.5,66,62
21,2026-07-13 08:36:48,7605.75,80,166
21,2026-07-13 08:36:48,7606,25,69
21,2026-07-13 08:36:48,7606.25,0,10
21,2026-07-13 08:36:48,7604.25,44,7
21,2026-07-13 08:36:48,7604,103,73
21,2026-07-13 08:36:48,7603.75,68,4
21,2026-07-13 08:36:48,7603.5,58,29
21,2026-07-13 08:36:48,7603.25,67,19
21,2026-07-13 08:36:48,7603,189,0
21,2026-07-13 08:36:48,7602.75,10,0
22,2026-07-13 08:37:11,7603.5,129,155
22,2026-07-13 08:37:11,7603.25,226,264
22,2026-07-13 08:37:11,7603.75,155,230
22,2026-07-13 08:37:11,7604,99,111
22,2026-07-13 08:37:11,7604.25,57,97
22,2026-07-13 08:37:11,7603,127,83
22,2026-07-13 08:37:11,7602.75,38,15
22,2026-07-13 08:37:11,7604.5,29,46
22,2026-07-13 08:37:11,7604.75,45,35
22,2026-07-13 08:37:11,7605,29,26
22,2026-07-13 08:37:11,7605.25,0,4
23,2026-07-13 08:37:40,7602.75,78,63
23,2026-07-13 08:37:40,7603,74,65
23,2026-07-13 08:37:40,7602.5,60,115
23,2026-07-13 08:37:40,7603.25,74,72
23,2026-07-13 08:37:40,7603.5,44,49
23,2026-07-13 08:37:40,7603.75,45,22
23,2026-07-13 08:37:40,7604,0,2
23,2026-07-13 08:37:40,7602.25,139,193
23,2026-07-13 08:37:40,7602,151,89
23,2026-07-13 08:37:40,7601.75,151,153
23,2026-07-13 08:37:40,7601.5,93,114
23,2026-07-13 08:37:40,7601.25,84,58
23,2026-07-13 08:37:40,7601,12,0
24,2026-07-13 08:38:13,7602,26,33
24,2026-07-13 08:38:13,7601.75,25,33
24,2026-07-13 08:38:13,7602.25,71,61
24,2026-07-13 08:38:13,7602.5,46,90
24,2026-07-13 08:38:13,7602.75,54,55
24,2026-07-13 08:38:13,7603,104,122
24,2026-07-13 08:38:13,7603.25,134,186
24,2026-07-13 08:38:13,7603.5,39,61
24,2026-07-13 08:38:13,7603.75,66,39
24,2026-07-13 08:38:13,7601.5,28,13
24,2026-07-13 08:38:13,7604,86,102
24,2026-07-13 08:38:13,7604.25,91,152
24,2026-07-13 08:38:13,7604.5,32,63
24,2026-07-13 08:38:13,7604.75,16,41
24,2026-07-13 08:38:13,7605,5,29
24,2026-07-13 08:38:13,7605.25,17,26
24,2026-07-13 08:38:13,7605.5,3,31
24,2026-07-13 08:38:13,7605.75,0,20
25,2026-07-13 08:38:45,7605.75,130,192
25,2026-07-13 08:38:45,7606,85,182
25,2026-07-13 08:38:45,7605.5,180,194
25,2026-07-13 08:38:45,7605.25,226,118
25,2026-07-13 08:38:45,7606.25,14,76
25,2026-07-13 08:38:45,7605,103,60
25,2026-07-13 08:38:45,7604.75,63,38
25,2026-07-13 08:38:45,7604.5,15,13
25,2026-07-13 08:38:45,7604.25,17,12
25,2026-07-13 08:38:45,7604,44,81
25,2026-07-13 08:38:45,7603.75,49,32
25,2026-07-13 08:38:45,7603.5,52,24
26,2026-07-13 08:39:18,7604.5,139,191
26,2026-07-13 08:39:18,7604.25,100,128
26,2026-07-13 08:39:18,7604.75,34,46
26,2026-07-13 08:39:18,7604,265,269
26,2026-07-13 08:39:18,7603.75,130,124
26,2026-07-13 08:39:18,7603.5,77,63
26,2026-07-13 08:39:18,7603.25,46,41
26,2026-07-13 08:39:18,7605,33,57
26,2026-07-13 08:39:18,7605.25,3,48
26,2026-07-13 08:39:18,7603,54,58
26,2026-07-13 08:39:18,7602.75,66,24
26,2026-07-13 08:39:18,7602.5,4,0
27,2026-07-13 08:40:01,7602.75,0,11
27,2026-07-13 08:40:01,7602.5,22,9
27,2026-07-13 08:40:01,7602.25,15,0
27,2026-07-13 08:40:01,7602,28,7
27,2026-07-13 08:40:01,7601.75,36,7
27,2026-07-13 08:40:01,7601.5,49,75
27,2026-07-13 08:40:01,7601.25,64,55
27,2026-07-13 08:40:01,7601,190,159
27,2026-07-13 08:40:01,7600.75,197,136
27,2026-07-13 08:40:01,7600.5,163,54
27,2026-07-13 08:40:01,7600.25,207,85
27,2026-07-13 08:40:01,7600,49,25
27,2026-07-13 08:40:01,7599.75,62,87
27,2026-07-13 08:40:01,7599.5,42,43
27,2026-07-13 08:40:01,7599.25,62,50
27,2026-07-13 08:40:01,7599,11,0
28,2026-07-13 08:40:25,7600.25,50,70
28,2026-07-13 08:40:25,7600,58,38
28,2026-07-13 08:40:25,7600.5,1,19
28,2026-07-13 08:40:25,7599.75,72,39
28,2026-07-13 08:40:25,7599.5,24,12
28,2026-07-13 08:40:25,7599.25,10,12
28,2026-07-13 08:40:25,7599,33,45
28,2026-07-13 08:40:25,7598.75,144,130
28,2026-07-13 08:40:25,7598.5,159,107
28,2026-07-13 08:40:25,7598.25,133,136
28,2026-07-13 08:40:25,7598,151,112
28,2026-07-13 08:40:25,7597.75,112,106
28,2026-07-13 08:40:25,7597.5,109,54
28,2026-07-13 08:40:25,7597.25,29,4
28,2026-07-13 08:40:25,7597,31,0
29,2026-07-13 08:40:47,7597,91,173
29,2026-07-13 08:40:47,7596.75,129,95
29,2026-07-13 08:40:47,7597.25,61,99
29,2026-07-13 08:40:47,7597.5,23,36
29,2026-07-13 08:40:47,7597.75,17,23
29,2026-07-13 08:40:47,7596.5,28,0
29,2026-07-13 08:40:47,7598,4,23
29,2026-07-13 08:40:47,7598.25,16,29
29,2026-07-13 08:40:47,7598.5,61,80
29,2026-07-13 08:40:47,7598.75,28,23
29,2026-07-13 08:40:47,7599,32,55
29,2026-07-13 08:40:47,7599.25,62,67
29,2026-07-13 08:40:47,7599.5,29,34
29,2026-07-13 08:40:47,7599.75,75,79
29,2026-07-13 08:40:47,7600,68,79
29,2026-07-13 08:40:47,7600.25,59,38
29,2026-07-13 08:40:47,7600.5,48,45
29,2026-07-13 08:40:47,7600.75,26,78
29,2026-07-13 08:40:47,7601,14,41
29,2026-07-13 08:40:47,7601.25,0,32
30,2026-07-13 08:41:09,7599,73,39
30,2026-07-13 08:41:09,7599.25,131,85
30,2026-07-13 08:41:09,7599.5,107,115
30,2026-07-13 08:41:09,7599.75,108,143
30,2026-07-13 08:41:09,7600,79,163
30,2026-07-13 08:41:09,7600.25,90,127
30,2026-07-13 08:41:09,7600.5,14,33
30,2026-07-13 08:41:09,7598.75,52,52
30,2026-07-13 08:41:09,7598.5,21,54
30,2026-07-13 08:41:09,7598.25,126,110
30,2026-07-13 08:41:09,7598,94,61
30,2026-07-13 08:41:09,7597.75,25,45
30,2026-07-13 08:41:09,7597.5,15,6
30,2026-07-13 08:41:09,7600.75,0,32
31,2026-07-13 08:41:39,7600.75,18,37
31,2026-07-13 08:41:39,7601,0,20
31,2026-07-13 08:41:39,7600.5,18,73
31,2026-07-13 08:41:39,7600.25,91,88
31,2026-07-13 08:41:39,7600,90,98
31,2026-07-13 08:41:39,7599.75,97,140
31,2026-07-13 08:41:39,7599.5,195,217
31,2026-07-13 08:41:39,7599.25,159,128
31,2026-07-13 08:41:39,7599,80,67
31,2026-07-13 08:41:39,7598.75,19,11
31,2026-07-13 08:41:39,7598.5,33,21
31,2026-07-13 08:41:39,7598.25,49,11
31,2026-07-13 08:41:39,7598,13,28
31,2026-07-13 08:41:39,7597.75,69,48
31,2026-07-13 08:41:39,7597.5,60,17
31,2026-07-13 08:41:39,7597.25,5,0
32,2026-07-13 08:42:04,7597.5,215,161
32,2026-07-13 08:42:04,7597.75,139,153
32,2026-07-13 08:42:04,7598,112,139
32,2026-07-13 08:42:04,7597.25,181,134
32,2026-07-13 08:42:04,7597,149,61
32,2026-07-13 08:42:04,7598.25,67,112
32,2026-07-13 08:42:04,7596.75,49,16
32,2026-07-13 08:42:04,7596.5,46,0
32,2026-07-13 08:42:04,7596.25,33,0
32,2026-07-13 08:42:04,7596,35,0
32,2026-07-13 08:42:04,7595.75,34,0
32,2026-07-13 08:42:04,7598.5,75,62
32,2026-07-13 08:42:04,7598.75,12,15
33,2026-07-13 08:42:28,7598.25,53,64
33,2026-07-13 08:42:28,7598,17,48
33,2026-07-13 08:42:28,7597.75,41,26
33,2026-07-13 08:42:28,7597.5,31,55
33,2026-07-13 08:42:28,7597.25,94,130
33,2026-07-13 08:42:28,7597,72,63
33,2026-07-13 08:42:28,7596.75,32,24
33,2026-07-13 08:42:28,7596.5,25,12
33,2026-07-13 08:42:28,7598.5,33,26
33,2026-07-13 08:42:28,7598.75,64,56
33,2026-07-13 08:42:28,7599,107,114
33,2026-07-13 08:42:28,7599.25,30,61
33,2026-07-13 08:42:28,7599.5,17,33
33,2026-07-13 08:42:28,7599.75,23,56
33,2026-07-13 08:42:28,7600,110,103
33,2026-07-13 08:42:28,7600.25,24,64
33,2026-07-13 08:42:28,7600.5,4,23
33,2026-07-13 08:42:28,7600.75,4,12
33,2026-07-13 08:42:28,7601,15,39
33,2026-07-13 08:42:28,7601.25,24,45
33,2026-07-13 08:42:28,7601.5,13,23
33,2026-07-13 08:42:28,7601.75,6,33
33,2026-07-13 08:42:28,7602,4,26
33,2026-07-13 08:42:28,7602.25,3,18
34,2026-07-13 08:43:02,7602.25,13,4
34,2026-07-13 08:43:02,7602,48,15
34,2026-07-13 08:43:02,7601.75,82,70
34,2026-07-13 08:43:02,7601.5,114,94
34,2026-07-13 08:43:02,7601.25,101,78
34,2026-07-13 08:43:02,7601,72,82
34,2026-07-13 08:43:02,7600.75,110,50
34,2026-07-13 08:43:02,7600.5,369,119
34,2026-07-13 08:43:02,7600.25,535,22
34,2026-07-13 08:43:02,7600,22,0
35,2026-07-13 08:43:14,7600.75,12,41
35,2026-07-13 08:43:14,7600.5,47,35
35,2026-07-13 08:43:14,7600.25,31,25
35,2026-07-13 08:43:14,7600,81,85
35,2026-07-13 08:43:14,7599.75,126,85
35,2026-07-13 08:43:14,7599.5,64,56
35,2026-07-13 08:43:14,7599.25,111,52
35,2026-07-13 08:43:14,7599,73,65
35,2026-07-13 08:43:14,7598.75,37,18
35,2026-07-13 08:43:14,7598.5,30,29
35,2026-07-13 08:43:14,7598.25,118,149
35,2026-07-13 08:43:14,7598,117,120
35,2026-07-13 08:43:14,7597.75,135,115
35,2026-07-13 08:43:14,7597.5,111,32
36,2026-07-13 08:43:43,7597.75,91,43
36,2026-07-13 08:43:43,7598,97,90
36,2026-07-13 08:43:43,7598.25,179,147
36,2026-07-13 08:43:43,7598.5,226,255
36,2026-07-13 08:43:43,7598.75,39,56
36,2026-07-13 08:43:43,7597.5,8,0
36,2026-07-13 08:43:43,7599,93,56
36,2026-07-13 08:43:43,7599.25,81,80
36,2026-07-13 08:43:43,7599.5,14,26
36,2026-07-13 08:43:43,7599.75,74,66
36,2026-07-13 08:43:43,7600,46,42
36,2026-07-13 08:43:43,7600.25,41,38
36,2026-07-13 08:43:43,7600.5,53,38
36,2026-07-13 08:43:43,7600.75,0,20
37,2026-07-13 08:44:15,7599.25,30,19
37,2026-07-13 08:44:15,7599,25,13
37,2026-07-13 08:44:15,7598.75,13,9
37,2026-07-13 08:44:15,7599.5,88,75
37,2026-07-13 08:44:15,7599.75,59,61
37,2026-07-13 08:44:15,7600,290,207
37,2026-07-13 08:44:15,7600.25,210,279
37,2026-07-13 08:44:15,7600.5,159,158
37,2026-07-13 08:44:15,7600.75,42,79
37,2026-07-13 08:44:15,7601,1,22
37,2026-07-13 08:44:15,7601.25,2,12
37,2026-07-13 08:44:15,7601.5,46,42
37,2026-07-13 08:44:15,7601.75,17,43
38,2026-07-13 08:44:56,7601.25,36,51
38,2026-07-13 08:44:56,7601,85,69
38,2026-07-13 08:44:56,7600.75,60,51
38,2026-07-13 08:44:56,7600.5,24,13
38,2026-07-13 08:44:56,7601.5,3,17
38,2026-07-13 08:44:56,7600.25,67,38
38,2026-07-13 08:44:56,7600,46,26
38,2026-07-13 08:44:56,7599.75,54,26
38,2026-07-13 08:44:56,7599.5,50,18
38,2026-07-13 08:44:56,7599.25,23,7
38,2026-07-13 08:44:56,7599,19,9
38,2026-07-13 08:44:56,7598.75,11,0
38,2026-07-13 08:44:56,7598.5,25,2
38,2026-07-13 08:44:56,7598.25,25,24
38,2026-07-13 08:44:56,7598,5,3
38,2026-07-13 08:44:56,7597.75,59,38
38,2026-07-13 08:44:56,7597.5,19,25
38,2026-07-13 08:44:56,7597.25,52,7
38,2026-07-13 08:44:56,7597,70,48
38,2026-07-13 08:44:56,7596.75,24,3
38,2026-07-13 08:44:56,7596.5,19,8
38,2026-07-13 08:44:56,7596.25,23,22
38,2026-07-13 08:44:56,7596,65,67
38,2026-07-13 08:44:56,7595.75,64,35
38,2026-07-13 08:44:56,7595.5,82,98
38,2026-07-13 08:44:56,7595.25,172,76
38,2026-07-13 08:44:56,7595,37,0
39,2026-07-13 08:45:10,7595.75,173,123
39,2026-07-13 08:45:10,7595.5,85,50
39,2026-07-13 08:45:10,7596,174,229
39,2026-07-13 08:45:10,7596.25,221,201
39,2026-07-13 08:45:10,7596.5,98,125
39,2026-07-13 08:45:10,7596.75,66,60
39,2026-07-13 08:45:10,7597,114,168
39,2026-07-13 08:45:10,7597.25,39,47
39,2026-07-13 08:45:10,7597.5,17,8
39,2026-07-13 08:45:10,7597.75,0,1
40,2026-07-13 08:45:34,7596.75,43,39
40,2026-07-13 08:45:34,7596.5,75,30
40,2026-07-13 08:45:34,7596.25,91,39
40,2026-07-13 08:45:34,7597,33,15
40,2026-07-13 08:45:34,7596,87,63
40,2026-07-13 08:45:34,7595.75,64,73
40,2026-07-13 08:45:34,7595.5,71,53
40,2026-07-13 08:45:34,7595.25,51,70
40,2026-07-13 08:45:34,7595,132,126
40,2026-07-13 08:45:34,7594.75,175,210
40,2026-07-13 08:45:34,7594.5,124,45
40,2026-07-13 08:45:34,7594.25,45,38
40,2026-07-13 08:45:34,7594,113,25
40,2026-07-13 08:45:34,7593.75,55,15
41,2026-07-13 08:45:56,7595.75,75,141
41,2026-07-13 08:45:56,7595.5,194,247
41,2026-07-13 08:45:56,7595.25,106,81
41,2026-07-13 08:45:56,7596,23,52
41,2026-07-13 08:45:56,7595,34,38
41,2026-07-13 08:45:56,7594.75,23,0
41,2026-07-13 08:45:56,7596.25,0,6
41,2026-07-13 08:45:56,7596.5,13,35
41,2026-07-13 08:45:56,7596.75,9,18
41,2026-07-13 08:45:56,7597,7,23
41,2026-07-13 08:45:56,7597.25,90,32
41,2026-07-13 08:45:56,7597.5,114,108
41,2026-07-13 08:45:56,7597.75,131,151
41,2026-07-13 08:45:56,7598,39,60
41,2026-07-13 08:45:56,7598.25,18,41
41,2026-07-13 08:45:56,7598.5,11,25
41,2026-07-13 08:45:56,7598.75,14,30
41,2026-07-13 08:45:56,7599,0,11
42,2026-07-13 08:46:21,7599,125,121
42,2026-07-13 08:46:21,7599.25,112,88
42,2026-07-13 08:46:21,7599.5,161,199
42,2026-07-13 08:46:21,7599.75,54,132
42,2026-07-13 08:46:21,7600,20,44
42,2026-07-13 08:46:21,7600.25,20,32
42,2026-07-13 08:46:21,7600.5,25,70
42,2026-07-13 08:46:21,7598.75,132,103
42,2026-07-13 08:46:21,7598.5,77,27
42,2026-07-13 08:46:21,7600.75,3,22
42,2026-07-13 08:46:21,7601,1,20
42,2026-07-13 08:46:21,7601.25,30,23
42,2026-07-13 08:46:21,7601.5,30,23
42,2026-07-13 08:46:21,7601.75,45,31
42,2026-07-13 08:46:21,7602,57,131
42,2026-07-13 08:46:21,7602.25,0,43
43,2026-07-13 08:46:42,7601.75,4,11
43,2026-07-13 08:46:42,7601.5,22,17
43,2026-07-13 08:46:42,7601.25,41,29
43,2026-07-13 08:46:42,7601,83,45
43,2026-07-13 08:46:42,7600.75,61,74
43,2026-07-13 08:46:42,7600.5,80,118
43,2026-07-13 08:46:42,7600.25,153,102
43,2026-07-13 08:46:42,7600,132,148
43,2026-07-13 08:46:42,7599.75,96,69
43,2026-07-13 08:46:42,7599.5,85,61
43,2026-07-13 08:46:42,7599.25,185,152
43,2026-07-13 08:46:42,7599,128,77
43,2026-07-13 08:46:42,7598.75,17,10
44,2026-07-13 08:47:11,7599.75,50,44
44,2026-07-13 08:47:11,7599.5,83,87
44,2026-07-13 08:47:11,7599.25,171,154
44,2026-07-13 08:47:11,7600,112,92
44,2026-07-13 08:47:11,7600.25,103,95
44,2026-07-13 08:47:11,7600.5,136,97
44,2026-07-13 08:47:11,7600.75,94,93
44,2026-07-13 08:47:11,7601,112,116
44,2026-07-13 08:47:11,7601.25,38,85
44,2026-07-13 08:47:11,7599,105,36
44,2026-07-13 08:47:11,7598.75,10,18
44,2026-07-13 08:47:11,7598.5,42,27
45,2026-07-13 08:47:49,7599.5,98,101
45,2026-07-13 08:47:49,7599.75,101,115
45,2026-07-13 08:47:49,7600,72,64
45,2026-07-13 08:47:49,7600.25,48,64
45,2026-07-13 08:47:49,7600.5,6,3
45,2026-07-13 08:47:49,7599.25,162,171
45,2026-07-13 08:47:49,7599,176,212
45,2026-07-13 08:47:49,7598.75,90,53
45,2026-07-13 08:47:49,7598.5,107,150
45,2026-07-13 08:47:49,7598.25,116,81
45,2026-07-13 08:47:49,7598,10,0
46,2026-07-13 08:48:30,7599.75,20,45
46,2026-07-13 08:48:30,7599.5,32,31
46,2026-07-13 08:48:30,7599.25,83,113
46,2026-07-13 08:48:30,7599,75,48
46,2026-07-13 08:48:30,7598.75,100,84
46,2026-07-13 08:48:30,7598.5,105,115
46,2026-07-13 08:48:30,7600,44,70
46,2026-07-13 08:48:30,7600.25,68,107
46,2026-07-13 08:48:30,7600.5,31,53
46,2026-07-13 08:48:30,7598.25,108,67
46,2026-07-13 08:48:30,7598,38,17
46,2026-07-13 08:48:30,7597.75,43,60
46,2026-07-13 08:48:30,7597.5,112,90
46,2026-07-13 08:48:30,7597.25,105,70
46,2026-07-13 08:48:30,7597,43,23
47,2026-07-13 08:49:15,7600,61,24
47,2026-07-13 08:49:15,7600.25,61,39
47,2026-07-13 08:49:15,7600.5,186,180
47,2026-07-13 08:49:15,7600.75,118,138
47,2026-07-13 08:49:15,7601,112,106
47,2026-07-13 08:49:15,7601.25,31,49
47,2026-07-13 08:49:15,7601.5,63,90
47,2026-07-13 08:49:15,7601.75,64,326
47,2026-07-13 08:49:15,7602,0,2
47,2026-07-13 08:49:15,7599.75,15,58
47,2026-07-13 08:49:15,7599.5,58,67
47,2026-07-13 08:49:15,7599.25,17,15
47,2026-07-13 08:49:15,7599,23,17
47,2026-07-13 08:49:15,7598.75,21,19
47,2026-07-13 08:49:15,7598.5,5,20
47,2026-07-13 08:49:15,7598.25,15,0
48,2026-07-13 08:49:39,7600.75,68,97
48,2026-07-13 08:49:39,7601,27,44
48,2026-07-13 08:49:39,7601.25,12,21
48,2026-07-13 08:49:39,7600.5,33,22
48,2026-07-13 08:49:39,7600.25,81,48
48,2026-07-13 08:49:39,7600,85,72
48,2026-07-13 08:49:39,7599.75,146,109
48,2026-07-13 08:49:39,7599.5,115,116
48,2026-07-13 08:49:39,7599.25,139,167
48,2026-07-13 08:49:39,7599,165,129
48,2026-07-13 08:49:39,7598.75,119,63
48,2026-07-13 08:49:39,7598.5,51,33
48,2026-07-13 08:49:39,7598.25,17,9
48,2026-07-13 08:49:39,7598,12,0
49,2026-07-13 08:50:17,7598.75,146,122
49,2026-07-13 08:50:17,7598.5,136,84
49,2026-07-13 08:50:17,7599,99,79
49,2026-07-13 08:50:17,7599.25,109,71
49,2026-07-13 08:50:17,7599.5,12,234
49,2026-07-13 08:50:17,7599.75,59,55
49,2026-07-13 08:50:17,7600,18,16
49,2026-07-13 08:50:17,7600.25,36,53
49,2026-07-13 08:50:17,7600.5,0,4
49,2026-07-13 08:50:17,7598.25,94,87
49,2026-07-13 08:50:17,7598,90,125
49,2026-07-13 08:50:17,7597.75,92,57
49,2026-07-13 08:50:17,7597.5,50,25
49,2026-07-13 08:50:17,7597.25,26,21
50,2026-07-13 08:50:57,7597.5,88,94
50,2026-07-13 08:50:57,7597.25,80,66
50,2026-07-13 08:50:57,7597,74,25
50,2026-07-13 08:50:57,7597.75,28,42
50,2026-07-13 08:50:57,7596.75,105,45
50,2026-07-13 08:50:57,7596.5,44,21
50,2026-07-13 08:50:57,7596.25,46,63
50,2026-07-13 08:50:57,7596,54,16
50,2026-07-13 08:50:57,7595.75,26,25
50,2026-07-13 08:50:57,7595.5,19,3
50,2026-07-13 08:50:57,7595.25,20,33
50,2026-07-13 08:50:57,7595,141,67
50,2026-07-13 08:50:57,7594.75,108,40
50,2026-07-13 08:50:57,7594.5,22,2
50,2026-07-13 08:50:57,7594.25,28,10
50,2026-07-13 08:50:57,7594,30,0
50,2026-07-13 08:50:57,7593.75,19,16
50,2026-07-13 08:50:57,7593.5,48,22
50,2026-07-13 08:50:57,7593.25,50,56
50,2026-07-13 08:50:57,7593,142,79
50,2026-07-13 08:50:57,7592.75,63,28
50,2026-07-13 08:50:57,7592.5,12,0
51,2026-07-13 08:51:20,7593.5,37,23
51,2026-07-13 08:51:20,7593.25,48,18
51,2026-07-13 08:51:20,7593.75,36,64
51,2026-07-13 08:51:20,7594,0,20
51,2026-07-13 08:51:20,7593,49,201
51,2026-07-13 08:51:20,7592.75,166,134
51,2026-07-13 08:51:20,7592.5,72,69
51,2026-07-13 08:51:20,7592.25,153,164
51,2026-07-13 08:51:20,7592,197,168
51,2026-07-13 08:51:20,7591.75,195,78
51,2026-07-13 08:51:20,7591.5,64,33
51,2026-07-13 08:51:20,7591.25,11,0
52,2026-07-13 08:51:43,7591.25,213,154
52,2026-07-13 08:51:43,7591.5,144,117
52,2026-07-13 08:51:43,7591.75,162,172
52,2026-07-13 08:51:43,7592,126,197
52,2026-07-13 08:51:43,7592.25,32,70
52,2026-07-13 08:51:43,7592.5,21,13
52,2026-07-13 08:51:43,7592.75,33,30
52,2026-07-13 08:51:43,7591,168,131
52,2026-07-13 08:51:43,7590.75,54,10
52,2026-07-13 08:51:43,7590.5,26,28
52,2026-07-13 08:51:43,7590.25,72,27
53,2026-07-13 08:52:10,7592.25,137,182
53,2026-07-13 08:52:10,7592.5,61,135
53,2026-07-13 08:52:10,7592,122,105
53,2026-07-13 08:52:10,7591.75,83,29
53,2026-07-13 08:52:10,7591.5,11,0
53,2026-07-13 08:52:10,7592.75,143,137
53,2026-07-13 08:52:10,7593,140,235
53,2026-07-13 08:52:10,7593.25,117,198
53,2026-07-13 08:52:10,7593.5,49,70
53,2026-07-13 08:52:10,7593.75,16,30
54,2026-07-13 08:52:40,7593,58,63
54,2026-07-13 08:52:40,7592.75,36,22
54,2026-07-13 08:52:40,7593.25,70,86
54,2026-07-13 08:52:40,7593.5,44,76
54,2026-07-13 08:52:40,7593.75,9,17
54,2026-07-13 08:52:40,7594,46,35
54,2026-07-13 08:52:40,7594.25,30,29
54,2026-07-13 08:52:40,7594.5,65,79
54,2026-07-13 08:52:40,7594.75,60,55
54,2026-07-13 08:52:40,7592.5,41,21
54,2026-07-13 08:52:40,7595,56,182
54,2026-07-13 08:52:40,7595.25,109,79
54,2026-07-13 08:52:40,7595.5,114,85
54,2026-07-13 08:52:40,7595.75,87,78
54,2026-07-13 08:52:40,7596,46,80
54,2026-07-13 08:52:40,7596.25,11,24
54,2026-07-13 08:52:40,7596.5,19,15
54,2026-07-13 08:52:40,7596.75,13,9
54,2026-07-13 08:52:40,7597,16,30
54,2026-07-13 08:52:40,7597.25,0,5
55,2026-07-13 08:53:12,7595.5,47,56
55,2026-07-13 08:53:12,7595.75,4,18
55,2026-07-13 08:53:12,7595.25,37,20
55,2026-07-13 08:53:12,7595,39,37
55,2026-07-13 08:53:12,7594.75,22,9
55,2026-07-13 08:53:12,7594.5,25,17
55,2026-07-13 08:53:12,7594.25,21,19
55,2026-07-13 08:53:12,7594,38,52
55,2026-07-13 08:53:12,7593.75,73,73
55,2026-07-13 08:53:12,7593.5,97,100
55,2026-07-13 08:53:12,7593.25,139,136
55,2026-07-13 08:53:12,7593,146,108
55,2026-07-13 08:53:12,7592.75,125,112
55,2026-07-13 08:53:12,7592.5,67,55
55,2026-07-13 08:53:12,7592.25,39,55
55,2026-07-13 08:53:12,7592,78,49
55,2026-07-13 08:53:12,7591.75,39,37
55,2026-07-13 08:53:12,7591.5,9,0
55,2026-07-13 08:53:12,7596,0,2
56,2026-07-13 08:53:59,7595,41,61
56,2026-07-13 08:53:59,7594.75,73,82
56,2026-07-13 08:53:59,7594.5,58,28
56,2026-07-13 08:53:59,7595.25,34,65
56,2026-07-13 08:53:59,7595.5,25,26
56,2026-07-13 08:53:59,7595.75,53,54
56,2026-07-13 08:53:59,7596,107,108
56,2026-07-13 08:53:59,7596.25,136,113
56,2026-07-13 08:53:59,7596.5,95,131
56,2026-07-13 08:53:59,7596.75,90,99
56,2026-07-13 08:53:59,7597,67,92
56,2026-07-13 08:53:59,7597.25,44,58
56,2026-07-13 08:53:59,7597.5,42,41
56,2026-07-13 08:53:59,7597.75,28,19
56,2026-07-13 08:53:59,7598,7,35
56,2026-07-13 08:53:59,7598.25,22,8
56,2026-07-13 08:53:59,7598.5,5,50
56,2026-07-13 08:53:59,7598.75,0,3
57,2026-07-13 08:54:36,7597.25,101,96
57,2026-07-13 08:54:36,7597,120,139
57,2026-07-13 08:54:36,7596.75,74,84
57,2026-07-13 08:54:36,7596.5,86,52
57,2026-07-13 08:54:36,7596.25,36,36
57,2026-07-13 08:54:36,7596,41,45
57,2026-07-13 08:54:36,7597.5,141,138
57,2026-07-13 08:54:36,7597.75,80,103
57,2026-07-13 08:54:36,7598,100,106
57,2026-07-13 08:54:36,7598.25,62,91
57,2026-07-13 08:54:36,7595.75,64,58
57,2026-07-13 08:54:36,7595.5,10,11
57,2026-07-13 08:54:36,7595.25,13,11
57,2026-07-13 08:54:36,7595,3,0
57,2026-07-13 08:54:36,7598.5,27,71
58,2026-07-13 08:55:18,7597.75,89,96
58,2026-07-13 08:55:18,7598,87,132
58,2026-07-13 08:55:18,7598.25,33,55
58,2026-07-13 08:55:18,7597.5,131,129
58,2026-07-13 08:55:18,7597.25,139,71
58,2026-07-13 08:55:18,7597,57,27
58,2026-07-13 08:55:18,7598.5,10,11
58,2026-07-13 08:55:18,7598.75,78,68
58,2026-07-13 08:55:18,7599,52,73
58,2026-07-13 08:55:18,7599.25,54,45
58,2026-07-13 08:55:18,7599.5,56,90
58,2026-07-13 08:55:18,7599.75,57,70
58,2026-07-13 08:55:18,7600,66,112
58,2026-07-13 08:55:18,7600.25,32,43
58,2026-07-13 08:55:18,7600.5,10,22
58,2026-07-13 08:55:18,7600.75,0,6
59,2026-07-13 08:56:00,7598.75,10,0
59,2026-07-13 08:56:00,7599,101,78
59,2026-07-13 08:56:00,7599.25,120,88
59,2026-07-13 08:56:00,7599.5,284,202
59,2026-07-13 08:56:00,7599.75,248,283
59,2026-07-13 08:56:00,7600,177,206
59,2026-07-13 08:56:00,7600.25,73,85
59,2026-07-13 08:56:00,7600.5,20,23
59,2026-07-13 08:56:00,7600.75,0,2
60,2026-07-13 08:56:44,7599,68,72
60,2026-07-13 08:56:44,7598.75,76,62
60,2026-07-13 08:56:44,7598.5,72,75
60,2026-07-13 08:56:44,7598.25,140,183
60,2026-07-13 08:56:44,7598,193,150
60,2026-07-13 08:56:44,7597.75,89,93
60,2026-07-13 08:56:44,7597.5,52,40
60,2026-07-13 08:56:44,7597.25,15,6
60,2026-07-13 08:56:44,7597,4,0
60,2026-07-13 08:56:44,7599.25,82,111
60,2026-07-13 08:56:44,7599.5,48,65
60,2026-07-13 08:56:44,7599.75,37,47
60,2026-07-13 08:56:44,7600,52,104
60,2026-07-13 08:56:44,7600.25,27,37
61,2026-07-13 08:57:31,7600,31,12
61,2026-07-13 08:57:31,7600.25,81,55
61,2026-07-13 08:57:31,7600.5,175,146
61,2026-07-13 08:57:31,7600.75,75,104
61,2026-07-13 08:57:31,7601,104,126
61,2026-07-13 08:57:31,7601.25,0,61
61,2026-07-13 08:57:31,7601.5,18,25
61,2026-07-13 08:57:31,7601.75,49,125
61,2026-07-13 08:57:31,7602,14,79
61,2026-07-13 08:57:31,7602.25,48,61
61,2026-07-13 08:57:31,7602.5,110,123
61,2026-07-13 08:57:31,7602.75,124,178
61,2026-07-13 08:57:31,7603,11,59
61,2026-07-13 08:57:31,7603.25,0,6
62,2026-07-13 08:58:10,7603,72,75
62,2026-07-13 08:58:10,7603.25,120,80
62,2026-07-13 08:58:10,7602.75,144,551
62,2026-07-13 08:58:10,7602.5,77,33
62,2026-07-13 08:58:10,7603.5,44,57
62,2026-07-13 08:58:10,7602.25,3,0
62,2026-07-13 08:58:10,7603.75,103,101
62,2026-07-13 08:58:10,7604,88,117
62,2026-07-13 08:58:10,7604.25,43,85
62,2026-07-13 08:58:10,7604.5,73,91
62,2026-07-13 08:58:10,7604.75,9,34
63,2026-07-13 08:58:32,7603.75,219,134
63,2026-07-13 08:58:32,7604,252,205
63,2026-07-13 08:58:32,7603.5,42,29
63,2026-07-13 08:58:32,7603.25,46,32
63,2026-07-13 08:58:32,7604.25,90,158
63,2026-07-13 08:58:32,7603,9,0
63,2026-07-13 08:58:32,7604.5,1,59
63,2026-07-13 08:58:32,7604.75,2,23
63,2026-07-13 08:58:32,7605,17,92
63,2026-07-13 08:58:32,7605.25,37,52
63,2026-07-13 08:58:32,7605.5,17,46
63,2026-07-13 08:58:32,7605.75,0,14
63,2026-07-13 08:58:32,7606,1,33
63,2026-07-13 08:58:32,7606.25,23,35
63,2026-07-13 08:58:32,7606.5,14,30
63,2026-07-13 08:58:32,7606.75,35,44
63,2026-07-13 08:58:32,7607,26,76
63,2026-07-13 08:58:32,7607.25,8,34
63,2026-07-13 08:58:32,7607.5,10,41
63,2026-07-13 08:58:32,7607.75,0,14
64,2026-07-13 08:59:05,7607.5,381,346
64,2026-07-13 08:59:05,7607.25,112,34
64,2026-07-13 08:59:05,7607.75,208,281
64,2026-07-13 08:59:05,7608,197,165
64,2026-07-13 08:59:05,7608.25,68,103
64,2026-07-13 08:59:05,7608.5,28,48
64,2026-07-13 08:59:05,7608.75,0,28
65,2026-07-13 08:59:30,7607.5,113,165
65,2026-07-13 08:59:30,7607.75,19,53
65,2026-07-13 08:59:30,7607.25,107,128
65,2026-07-13 08:59:30,7607,180,166
65,2026-07-13 08:59:30,7606.75,155,173
65,2026-07-13 08:59:30,7606.5,125,102
65,2026-07-13 08:59:30,7606.25,129,100
65,2026-07-13 08:59:30,7606,122,70
65,2026-07-13 08:59:30,7605.75,10,0
65,2026-07-13 08:59:30,7608,17,55
65,2026-07-13 08:59:30,7608.25,0,12
66,2026-07-13 09:00:01,7607.5,12,15
66,2026-07-13 09:00:01,7607.75,56,40
66,2026-07-13 09:00:01,7608,63,88
66,2026-07-13 09:00:01,7608.25,21,69
66,2026-07-13 09:00:01,7608.5,13,32
66,2026-07-13 09:00:01,7607.25,2,0
66,2026-07-13 09:00:01,7608.75,18,35
66,2026-07-13 09:00:01,7609,53,123
66,2026-07-13 09:00:01,7609.25,67,68
66,2026-07-13 09:00:01,7609.5,157,157
66,2026-07-13 09:00:01,7609.75,173,138
66,2026-07-13 09:00:01,7610,126,298
66,2026-07-13 09:00:01,7610.25,47,123
66,2026-07-13 09:00:01,7610.5,0,6
67,2026-07-13 09:00:21,7610,86,133
67,2026-07-13 09:00:21,7609.75,102,113
67,2026-07-13 09:00:21,7610.25,0,19
67,2026-07-13 09:00:21,7609.5,109,85
67,2026-07-13 09:00:21,7609.25,87,102
67,2026-07-13 09:00:21,7609,143,104
67,2026-07-13 09:00:21,7608.75,114,157
67,2026-07-13 09:00:21,7608.5,113,96
67,2026-07-13 09:00:21,7608.25,182,159
67,2026-07-13 09:00:21,7608,68,28
68,2026-07-13 09:00:50,7608.75,94,210
68,2026-07-13 09:00:50,7608.5,203,264
68,2026-07-13 09:00:50,7608.25,251,271
68,2026-07-13 09:00:50,7608,95,94
68,2026-07-13 09:00:50,7609,23,101
68,2026-07-13 09:00:50,7607.75,92,52
68,2026-07-13 09:00:50,7607.5,64,63
68,2026-07-13 09:00:50,7607.25,49,12
68,2026-07-13 09:00:50,7607,4,0
68,2026-07-13 09:00:50,7609.25,13,40
68,2026-07-13 09:00:50,7609.5,0,5
69,2026-07-13 09:01:21,7609,10,16
69,2026-07-13 09:01:21,7608.75,8,7
69,2026-07-13 09:01:21,7608.5,48,77
69,2026-07-13 09:01:21,7608.25,115,74
69,2026-07-13 09:01:21,7608,24,20
69,2026-07-13 09:01:21,7607.75,18,51
69,2026-07-13 09:01:21,7607.5,151,178
69,2026-07-13 09:01:21,7607.25,98,119
69,2026-07-13 09:01:21,7607,197,164
69,2026-07-13 09:01:21,7606.75,139,71
69,2026-07-13 09:01:21,7606.5,33,2
69,2026-07-13 09:01:21,7606.25,28,9
69,2026-07-13 09:01:21,7606,88,22
69,2026-07-13 09:01:21,7605.75,38,4
69,2026-07-13 09:01:21,7605.5,28,12
69,2026-07-13 09:01:21,7605.25,48,39
69,2026-07-13 09:01:21,7605,55,7
69,2026-07-13 09:01:21,7604.75,1,0
70,2026-07-13 09:01:47,7605.25,96,210
70,2026-07-13 09:01:47,7605,220,302
70,2026-07-13 09:01:47,7605.5,87,53
70,2026-07-13 09:01:47,7605.75,61,46
70,2026-07-13 09:01:47,7606,12,81
70,2026-07-13 09:01:47,7606.25,0,3
70,2026-07-13 09:01:47,7604.75,312,196
70,2026-07-13 09:01:47,7604.5,149,97
70,2026-07-13 09:01:47,7604.25,66,10
71,2026-07-13 09:02:12,7604.5,57,11
71,2026-07-13 09:02:12,7604.25,52,34
71,2026-07-13 09:02:12,7604,91,20
71,2026-07-13 09:02:12,7603.75,123,62
71,2026-07-13 09:02:12,7603.5,129,90
71,2026-07-13 09:02:12,7603.25,94,21
71,2026-07-13 09:02:12,7604.75,117,30
71,2026-07-13 09:02:12,7605,108,230
71,2026-07-13 09:02:12,7605.25,158,176
71,2026-07-13 09:02:12,7605.5,101,110
71,2026-07-13 09:02:12,7605.75,18,14
71,2026-07-13 09:02:12,7606,0,3
71,2026-07-13 09:02:12,7603,44,0
71,2026-07-13 09:02:12,7602.75,46,0
71,2026-07-13 09:02:12,7602.5,47,0
71,2026-07-13 09:02:12,7602.25,14,0
72,2026-07-13 09:02:29,7602.25,13,0
72,2026-07-13 09:02:29,7602,56,0
72,2026-07-13 09:02:29,7601.75,32,3
72,2026-07-13 09:02:29,7601.5,120,60
72,2026-07-13 09:02:29,7601.25,74,61
72,2026-07-13 09:02:29,7601,132,114
72,2026-07-13 09:02:29,7600.75,126,130
72,2026-07-13 09:02:29,7600.5,143,187
72,2026-07-13 09:02:29,7600.25,165,80
72,2026-07-13 09:02:29,7600,97,127
72,2026-07-13 09:02:29,7605.25,0,1
72,2026-07-13 09:02:29,7599.75,64,49
72,2026-07-13 09:02:29,7599.5,74,13
72,2026-07-13 09:02:29,7599.25,57,9
72,2026-07-13 09:02:29,7599,13,0
73,2026-07-13 09:02:30,7601.5,220,192
73,2026-07-13 09:02:30,7601.75,89,118
73,2026-07-13 09:02:30,7602,112,89
73,2026-07-13 09:02:30,7602.25,91,114
73,2026-07-13 09:02:30,7602.5,113,132
73,2026-07-13 09:02:30,7602.75,49,46
73,2026-07-13 09:02:30,7603,20,33
73,2026-07-13 09:02:30,7603.25,45,37
73,2026-07-13 09:02:30,7603.5,0,3
73,2026-07-13 09:02:30,7601.25,145,123
73,2026-07-13 09:02:30,7601,83,50
73,2026-07-13 09:02:30,7600.75,11,20
73,2026-07-13 09:02:30,7600.5,40,22
73,2026-07-13 09:02:30,7600.25,3,0
74,2026-07-13 09:02:45,7601.5,155,187
74,2026-07-13 09:02:45,7601.75,57,71
74,2026-07-13 09:02:45,7602,0,18
74,2026-07-13 09:02:45,7601.25,104,66
74,2026-07-13 09:02:45,7601,145,116
74,2026-07-13 09:02:45,7600.75,113,80
74,2026-07-13 09:02:45,7600.5,51,62
74,2026-07-13 09:02:45,7600.25,134,149
74,2026-07-13 09:02:45,7600,91,61
74,2026-07-13 09:02:45,7599.75,55,72
74,2026-07-13 09:02:45,7599.5,54,34
74,2026-07-13 09:02:45,7599.25,36,32
74,2026-07-13 09:02:45,7599,55,2
75,2026-07-13 09:03:18,7601,37,10
75,2026-07-13 09:03:18,7601.25,29,76
75,2026-07-13 09:03:18,7601.5,79,97
75,2026-07-13 09:03:18,7600.75,1,0
75,2026-07-13 09:03:18,7601.75,126,97
75,2026-07-13 09:03:18,7602,123,87
75,2026-07-13 09:03:18,7602.25,198,184
75,2026-07-13 09:03:18,7602.5,211,194
75,2026-07-13 09:03:18,7602.75,80,288
75,2026-07-13 09:03:18,7603,21,58
75,2026-07-13 09:03:18,7603.25,0,2
76,2026-07-13 09:04:00,7602.75,0,165
76,2026-07-13 09:04:00,7602.5,30,4
76,2026-07-13 09:04:00,7602.25,40,32
76,2026-07-13 09:04:00,7602,94,89
76,2026-07-13 09:04:00,7601.75,43,7
76,2026-07-13 09:04:00,7601.5,30,28
76,2026-07-13 09:04:00,7601.25,31,53
76,2026-07-13 09:04:00,7601,157,207
76,2026-07-13 09:04:00,7600.75,108,104
76,2026-07-13 09:04:00,7600.5,75,75
76,2026-07-13 09:04:00,7600.25,25,12
76,2026-07-13 09:04:00,7600,31,25
76,2026-07-13 09:04:00,7599.75,44,20
76,2026-07-13 09:04:00,7599.5,43,8
76,2026-07-13 09:04:00,7599.25,61,124
76,2026-07-13 09:04:00,7599,70,16
76,2026-07-13 09:04:00,7598.75,59,28
76,2026-07-13 09:04:00,7598.5,28,30
76,2026-07-13 09:04:00,7598.25,6,0
77,2026-07-13 09:04:31,7599.25,97,95
77,2026-07-13 09:04:31,7599.5,28,42
77,2026-07-13 09:04:31,7599,123,125
77,2026-07-13 09:04:31,7598.75,210,388
77,2026-07-13 09:04:31,7598.5,189,119
77,2026-07-13 09:04:31,7598.25,86,89
77,2026-07-13 09:04:31,7598,113,92
77,2026-07-13 09:04:31,7597.75,42,16
77,2026-07-13 09:04:31,7597.5,47,24
77,2026-07-13 09:04:31,7599.75,29,27
77,2026-07-13 09:04:31,7600,0,19
78,2026-07-13 09:05:08,7599.5,16,6
78,2026-07-13 09:05:08,7599.75,43,36
78,2026-07-13 09:05:08,7600,21,29
78,2026-07-13 09:05:08,7600.25,37,28
78,2026-07-13 09:05:08,7600.5,6,23
78,2026-07-13 09:05:08,7599.25,6,1
78,2026-07-13 09:05:08,7599,9,5
78,2026-07-13 09:05:08,7598.75,19,17
78,2026-07-13 09:05:08,7598.5,55,57
78,2026-07-13 09:05:08,7598.25,43,52
78,2026-07-13 09:05:08,7598,66,72
78,2026-07-13 09:05:08,7597.75,97,95
78,2026-07-13 09:05:08,7597.5,155,126
78,2026-07-13 09:05:08,7597.25,169,87
78,2026-07-13 09:05:08,7597,101,65
78,2026-07-13 09:05:08,7596.75,100,87
78,2026-07-13 09:05:08,7596.5,44,55
78,2026-07-13 09:05:08,7596.25,10,14
78,2026-07-13 09:05:08,7596,37,29
78,2026-07-13 09:05:08,7595.75,58,6
78,2026-07-13 09:05:08,7595.5,18,0
79,2026-07-13 09:05:45,7596.5,120,89
79,2026-07-13 09:05:45,7596.25,53,84
79,2026-07-13 09:05:45,7596.75,140,147
79,2026-07-13 09:05:45,7597,160,209
79,2026-07-13 09:05:45,7597.25,148,227
79,2026-07-13 09:05:45,7597.5,58,47
79,2026-07-13 09:05:45,7597.75,34,65
79,2026-07-13 09:05:45,7598,3,7
79,2026-07-13 09:05:45,7598.25,0,2
79,2026-07-13 09:05:45,7596,105,168
79,2026-07-13 09:05:45,7595.75,87,46
79,2026-07-13 09:05:45,7595.5,1,0
80,2026-07-13 09:06:31,7596.75,74,135
80,2026-07-13 09:06:31,7596.5,73,45
80,2026-07-13 09:06:31,7597,120,130
80,2026-07-13 09:06:31,7597.25,68,63
80,2026-07-13 09:06:31,7597.5,65,62
80,2026-07-13 09:06:31,7597.75,95,72
80,2026-07-13 09:06:31,7598,75,102
80,2026-07-13 09:06:31,7598.25,102,85
80,2026-07-13 09:06:31,7598.5,45,71
80,2026-07-13 09:06:31,7598.75,29,52
80,2026-07-13 09:06:31,7599,0,7
80,2026-07-13 09:06:31,7596.25,43,125
80,2026-07-13 09:06:31,7596,87,107
80,2026-07-13 09:06:31,7595.75,50,12
80,2026-07-13 09:06:31,7595.5,6,0
81,2026-07-13 09:07:26,7596.25,5,0
81,2026-07-13 09:07:26,7596,11,35
81,2026-07-13 09:07:26,7595.75,37,32
81,2026-07-13 09:07:26,7595.5,49,97
81,2026-07-13 09:07:26,7595.25,164,214
81,2026-07-13 09:07:26,7595,209,229
81,2026-07-13 09:07:26,7594.75,181,142
81,2026-07-13 09:07:26,7594.5,122,104
81,2026-07-13 09:07:26,7594.25,89,32
81,2026-07-13 09:07:26,7594,98,72
81,2026-07-13 09:07:26,7593.75,61,6
81,2026-07-13 09:07:26,7593.5,11,0
82,2026-07-13 09:08:04,7595,74,61
82,2026-07-13 09:08:04,7594.75,15,3
82,2026-07-13 09:08:04,7595.25,95,110
82,2026-07-13 09:08:04,7595.5,146,235
82,2026-07-13 09:08:04,7595.75,77,128
82,2026-07-13 09:08:04,7596,73,121
82,2026-07-13 09:08:04,7596.25,90,86
82,2026-07-13 09:08:04,7596.5,65,111
82,2026-07-13 09:08:04,7596.75,86,98
82,2026-07-13 09:08:04,7597,30,90
82,2026-07-13 09:08:04,7597.25,22,48
82,2026-07-13 09:08:04,7597.5,25,40
82,2026-07-13 09:08:04,7597.75,22,40
82,2026-07-13 09:08:04,7598,0,9
83,2026-07-13 09:08:51,7597.75,56,58
83,2026-07-13 09:08:51,7597.5,53,58
83,2026-07-13 09:08:51,7597.25,78,107
83,2026-07-13 09:08:51,7597,70,97
83,2026-07-13 09:08:51,7596.75,88,133
83,2026-07-13 09:08:51,7596.5,70,54
83,2026-07-13 09:08:51,7596.25,117,127
83,2026-07-13 09:08:51,7596,117,120
83,2026-07-13 09:08:51,7595.75,62,41
83,2026-07-13 09:08:51,7598,47,42
83,2026-07-13 09:08:51,7598.25,64,114
83,2026-07-13 09:08:51,7598.5,78,96
83,2026-07-13 09:08:51,7598.75,10,43
84,2026-07-13 09:09:45,7598.75,40,92
84,2026-07-13 09:09:45,7598.5,88,70
84,2026-07-13 09:09:45,7598.25,117,131
84,2026-07-13 09:09:45,7598,62,54
84,2026-07-13 09:09:45,7597.75,43,47
84,2026-07-13 09:09:45,7599,61,81
84,2026-07-13 09:09:45,7599.25,106,158
84,2026-07-13 09:09:45,7599.5,71,99
84,2026-07-13 09:09:45,7597.5,53,0
84,2026-07-13 09:09:45,7599.75,6,53
84,2026-07-13 09:09:45,7600,41,32
84,2026-07-13 09:09:45,7600.25,90,122
84,2026-07-13 09:09:45,7600.5,17,66
84,2026-07-13 09:09:45,7600.75,46,18
84,2026-07-13 09:09:45,7601,37,51
84,2026-07-13 09:09:45,7601.25,7,41
85,2026-07-13 09:10:16,7599.75,34,18
85,2026-07-13 09:10:16,7600,11,45
85,2026-07-13 09:10:16,7600.25,169,166
85,2026-07-13 09:10:16,7600.5,203,256
85,2026-07-13 09:10:16,7600.75,180,261
85,2026-07-13 09:10:16,7601,126,132
85,2026-07-13 09:10:16,7601.25,34,41
85,2026-07-13 09:10:16,7601.5,13,44
85,2026-07-13 09:10:16,7601.75,29,53
85,2026-07-13 09:10:16,7602,39,141
85,2026-07-13 09:10:16,7602.25,0,5
86,2026-07-13 09:11:01,7601.5,102,106
86,2026-07-13 09:11:01,7601.75,35,59
86,2026-07-13 09:11:01,7601.25,75,112
86,2026-07-13 09:11:01,7601,116,86
86,2026-07-13 09:11:01,7600.75,85,100
86,2026-07-13 09:11:01,7600.5,51,4
86,2026-07-13 09:11:01,7602,60,67
86,2026-07-13 09:11:01,7602.25,146,146
86,2026-07-13 09:11:01,7602.5,76,40
86,2026-07-13 09:11:01,7602.75,97,127
86,2026-07-13 09:11:01,7603,73,130
86,2026-07-13 09:11:01,7603.25,21,62
86,2026-07-13 09:11:01,7603.5,0,24
87,2026-07-13 09:11:45,7601.25,138,130
87,2026-07-13 09:11:45,7601,108,59
87,2026-07-13 09:11:45,7600.75,50,43
87,2026-07-13 09:11:45,7601.5,54,100
87,2026-07-13 09:11:45,7601.75,66,86
87,2026-07-13 09:11:45,7602,23,33
87,2026-07-13 09:11:45,7600.5,57,87
87,2026-07-13 09:11:45,7600.25,96,65
87,2026-07-13 09:11:45,7600,74,72
87,2026-07-13 09:11:45,7599.75,77,89
87,2026-07-13 09:11:45,7599.5,57,73
87,2026-07-13 09:11:45,7599.25,58,82
87,2026-07-13 09:11:45,7599,56,11
87,2026-07-13 09:11:45,7598.75,40,61
87,2026-07-13 09:11:45,7598.5,48,5
87,2026-07-13 09:11:45,7598.25,2,0
88,2026-07-13 09:12:51,7600.25,8,14
88,2026-07-13 09:12:51,7600,27,27
88,2026-07-13 09:12:51,7599.75,1,0
88,2026-07-13 09:12:51,7600.5,24,22
88,2026-07-13 09:12:51,7600.75,14,25
88,2026-07-13 09:12:51,7601,10,37
88,2026-07-13 09:12:51,7601.25,0,15
88,2026-07-13 09:12:51,7601.5,22,22
88,2026-07-13 09:12:51,7601.75,29,21
88,2026-07-13 09:12:51,7602,61,78
88,2026-07-13 09:12:51,7602.25,156,214
88,2026-07-13 09:12:51,7602.5,110,152
88,2026-07-13 09:12:51,7602.75,53,97
88,2026-07-13 09:12:51,7603,132,85
88,2026-07-13 09:12:51,7603.25,73,110
88,2026-07-13 09:12:51,7603.5,107,150
88,2026-07-13 09:12:51,7603.75,15,85
88,2026-07-13 09:12:51,7604,0,4
89,2026-07-13 09:13:39,7602.75,156,181
89,2026-07-13 09:13:39,7603,170,187
89,2026-07-13 09:13:39,7603.25,67,119
89,2026-07-13 09:13:39,7603.5,57,72
89,2026-07-13 09:13:39,7602.5,95,119
89,2026-07-13 09:13:39,7602.25,164,175
89,2026-07-13 09:13:39,7602,80,39
89,2026-07-13 09:13:39,7601.75,14,15
89,2026-07-13 09:13:39,7601.5,9,3
89,2026-07-13 09:13:39,7601.25,2,0
89,2026-07-13 09:13:39,7603.75,30,56
89,2026-07-13 09:13:39,7604,40,63
89,2026-07-13 09:13:39,7604.25,16,71
90,2026-07-13 09:14:51,7603.25,96,99
90,2026-07-13 09:14:51,7603,59,70
90,2026-07-13 09:14:51,7603.5,177,194
90,2026-07-13 09:14:51,7603.75,122,133
90,2026-07-13 09:14:51,7604,173,182
90,2026-07-13 09:14:51,7604.25,104,169
90,2026-07-13 09:14:51,7604.5,48,98
90,2026-07-13 09:14:51,7604.75,21,70
90,2026-07-13 09:14:51,7602.75,18,54
90,2026-07-13 09:14:51,7602.5,33,9
90,2026-07-13 09:14:51,7602.25,43,27
90,2026-07-13 09:14:51,7602,1,0
91,2026-07-13 09:15:42,7603.25,78,121
91,2026-07-13 09:15:42,7603,257,153
91,2026-07-13 09:15:42,7602.75,222,218
91,2026-07-13 09:15:42,7602.5,204,176
91,2026-07-13 09:15:42,7602.25,140,100
91,2026-07-13 09:15:42,7602,85,36
91,2026-07-13 09:15:42,7601.75,47,2
91,2026-07-13 09:15:42,7603.5,21,36
91,2026-07-13 09:15:42,7603.75,5,10
91,2026-07-13 09:15:42,7604,0,5
91,2026-07-13 09:15:42,7601.5,24,0
91,2026-07-13 09:15:42,7601.25,21,0
91,2026-07-13 09:15:42,7601,29,0
91,2026-07-13 09:15:42,7600.75,9,0
92,2026-07-13 09:16:44,7600.75,19,0
92,2026-07-13 09:16:44,7600.5,31,0
92,2026-07-13 09:16:44,7600.25,32,0
92,2026-07-13 09:16:44,7600,46,0
92,2026-07-13 09:16:44,7599.75,41,0
92,2026-07-13 09:16:44,7599.5,35,0
92,2026-07-13 09:16:44,7599.25,32,0
92,2026-07-13 09:16:44,7599,37,69
92,2026-07-13 09:16:44,7598.75,35,12
92,2026-07-13 09:16:44,7598.5,37,3
92,2026-07-13 09:16:44,7598.25,30,8
92,2026-07-13 09:16:44,7598,46,8
92,2026-07-13 09:16:44,7597.75,52,7
92,2026-07-13 09:16:44,7597.5,118,5
92,2026-07-13 09:16:44,7597.25,37,8
92,2026-07-13 09:16:44,7597,28,0
92,2026-07-13 09:16:44,7596.75,22,1
92,2026-07-13 09:16:44,7596.5,23,25
92,2026-07-13 09:16:44,7596.25,98,26
92,2026-07-13 09:16:44,7596,38,55
92,2026-07-13 09:16:44,7595.75,47,23
92,2026-07-13 09:16:44,7595.5,60,26
92,2026-07-13 09:16:44,7595.25,36,23
92,2026-07-13 09:16:44,7595,40,33
92,2026-07-13 09:16:44,7594.75,24,35
92,2026-07-13 09:16:44,7594.5,54,94
92,2026-07-13 09:16:44,7594.25,82,37
92,2026-07-13 09:16:44,7594,30,0
92,2026-07-13 09:16:44,7593.75,20,47
92,2026-07-13 09:16:44,7593.5,29,12
92,2026-07-13 09:16:44,7593.25,25,32
92,2026-07-13 09:16:44,7593,37,30
92,2026-07-13 09:16:44,7592.75,28,11
92,2026-07-13 09:16:44,7592.5,14,2
92,2026-07-13 09:16:44,7592.25,6,0
93,2026-07-13 09:16:44,7593,0,1
93,2026-07-13 09:16:44,7592.75,12,12
93,2026-07-13 09:16:44,7592.5,10,13
93,2026-07-13 09:16:44,7592.25,32,5
93,2026-07-13 09:16:44,7592,14,0
93,2026-07-13 09:16:44,7591.75,9,7
93,2026-07-13 09:16:44,7591.5,26,18
93,2026-07-13 09:16:44,7591.25,54,20
93,2026-07-13 09:16:44,7591,84,65
93,2026-07-13 09:16:44,7590.75,54,41
93,2026-07-13 09:16:44,7590.5,42,35
93,2026-07-13 09:16:44,7590.25,69,38
93,2026-07-13 09:16:44,7590,129,31
93,2026-07-13 09:16:44,7589.75,35,3
93,2026-07-13 09:16:44,7589.5,16,1
93,2026-07-13 09:16:44,7589.25,13,0
93,2026-07-13 09:16:44,7589,22,105
93,2026-07-13 09:16:44,7588.75,14,20
93,2026-07-13 09:16:44,7588.5,25,4
93,2026-07-13 09:16:44,7588.25,24,7
93,2026-07-13 09:16:44,7588,32,15
93,2026-07-13 09:16:44,7587.75,34,27
93,2026-07-13 09:16:44,7587.5,71,19
93,2026-07-13 09:16:44,7587.25,47,16
93,2026-07-13 09:16:44,7587,59,20
93,2026-07-13 09:16:44,7586.75,19,0
93,2026-07-13 09:16:44,7586.5,24,0
93,2026-07-13 09:16:44,7586.25,13,0
93,2026-07-13 09:16:44,7586,76,0
93,2026-07-13 09:16:44,7585.75,15,0
93,2026-07-13 09:16:44,7585.5,18,0
93,2026-07-13 09:16:44,7585.25,24,0
93,2026-07-13 09:16:44,7585,65,0
93,2026-07-13 09:16:44,7584.75,19,0
93,2026-07-13 09:16:44,7584.5,21,0
93,2026-07-13 09:16:44,7584.25,15,0
93,2026-07-13 09:16:44,7584,24,0
93,2026-07-13 09:16:44,7583.75,25,0
93,2026-07-13 09:16:44,7583.5,28,0
93,2026-07-13 09:16:44,7583.25,24,0
93,2026-07-13 09:16:44,7583,23,3
93,2026-07-13 09:16:44,7582.75,30,18
93,2026-07-13 09:16:44,7582.5,51,0
93,2026-07-13 09:16:44,7582.25,15,0
94,2026-07-13 09:16:45,7582.5,61,108
94,2026-07-13 09:16:45,7582.75,66,27
94,2026-07-13 09:16:45,7583,18,31
94,2026-07-13 09:16:45,7582.25,28,91
94,2026-07-13 09:16:45,7582,89,88
94,2026-07-13 09:16:45,7581.75,88,53
94,2026-07-13 09:16:45,7581.5,95,93
94,2026-07-13 09:16:45,7581.25,100,73
94,2026-07-13 09:16:45,7581,55,74
94,2026-07-13 09:16:45,7580.75,40,31
94,2026-07-13 09:16:45,7580.5,18,29
94,2026-07-13 09:16:45,7580.25,37,0
94,2026-07-13 09:16:45,7583.25,48,36
94,2026-07-13 09:16:45,7583.5,37,68
94,2026-07-13 09:16:45,7583.75,30,40
94,2026-07-13 09:16:45,7584,12,16
94,2026-07-13 09:16:45,7584.25,20,15
94,2026-07-13 09:16:45,7584.5,7,13
94,2026-07-13 09:16:45,7584.75,45,13
94,2026-07-13 09:16:45,7585,37,23
94,2026-07-13 09:16:45,7585.25,24,20
94,2026-07-13 09:16:45,7585.5,16,29
94,2026-07-13 09:16:45,7585.75,8,24
94,2026-07-13 09:16:45,7586,0,11
94,2026-07-13 09:16:45,7586.25,0,2
95,2026-07-13 09:16:47,7580.75,84,53
95,2026-07-13 09:16:47,7580.5,82,20
95,2026-07-13 09:16:47,7580.25,45,14
95,2026-07-13 09:16:47,7580,68,34
95,2026-07-13 09:16:47,7579.75,38,20
95,2026-07-13 09:16:47,7579.5,34,49
95,2026-07-13 09:16:47,7579.25,91,58
95,2026-07-13 09:16:47,7579,90,58
95,2026-07-13 09:16:47,7578.75,68,69
95,2026-07-13 09:16:47,7578.5,60,58
95,2026-07-13 09:16:47,7578.25,86,45
95,2026-07-13 09:16:47,7578,73,23
95,2026-07-13 09:16:47,7581,30,35
95,2026-07-13 09:16:47,7581.25,14,33
95,2026-07-13 09:16:47,7581.5,22,20
95,2026-07-13 09:16:47,7581.75,10,13
95,2026-07-13 09:16:47,7582,8,16
95,2026-07-13 09:16:47,7582.25,0,2
95,2026-07-13 09:16:47,7577.75,30,58
95,2026-07-13 09:16:47,7577.5,67,21
95,2026-07-13 09:16:47,7577.25,73,4
95,2026-07-13 09:16:47,7577,33,1
95,2026-07-13 09:16:47,7576.75,9,0
95,2026-07-13 09:16:47,7576.5,4,2
95,2026-07-13 09:16:47,7576.25,3,9
95,2026-07-13 09:16:47,7576,20,14
95,2026-07-13 09:16:47,7575.75,18,24
95,2026-07-13 09:16:47,7575.5,28,36
95,2026-07-13 09:16:47,7575.25,21,10
95,2026-07-13 09:16:47,7575,4,0
96,2026-07-13 09:16:50,7576.5,73,41
96,2026-07-13 09:16:50,7576.75,37,48
96,2026-07-13 09:16:50,7576.25,23,23
96,2026-07-13 09:16:50,7575.5,28,67
96,2026-07-13 09:16:50,7575.75,34,66
96,2026-07-13 09:16:50,7575.25,20,41
96,2026-07-13 09:16:50,7575,94,21
96,2026-07-13 09:16:50,7576,44,47
96,2026-07-13 09:16:50,7574.75,16,25
96,2026-07-13 09:16:50,7574.5,18,43
96,2026-07-13 09:16:50,7574.25,48,23
96,2026-07-13 09:16:50,7574,20,45
96,2026-07-13 09:16:50,7573.75,47,6
96,2026-07-13 09:16:50,7577,54,72
96,2026-07-13 09:16:50,7577.25,39,76
96,2026-07-13 09:16:50,7577.5,38,39
96,2026-07-13 09:16:50,7577.75,49,29
96,2026-07-13 09:16:50,7578,41,24
96,2026-07-13 09:16:50,7578.25,42,28
96,2026-07-13 09:16:50,7578.5,21,17
96,2026-07-13 09:16:50,7578.75,28,24
96,2026-07-13 09:16:50,7579,34,54
96,2026-07-13 09:16:50,7579.25,17,29
96,2026-07-13 09:16:50,7579.5,51,28
96,2026-07-13 09:16:50,7579.75,45,22
96,2026-07-13 09:16:50,7580,12,22
96,2026-07-13 09:16:50,7573.5,6,0
96,2026-07-13 09:16:50,7580.25,5,9
96,2026-07-13 09:16:50,7580.5,9,6
96,2026-07-13 09:16:50,7580.75,10,23
97,2026-07-13 09:16:54,7580.5,42,40
97,2026-07-13 09:16:54,7580.25,38,46
97,2026-07-13 09:16:54,7580,49,44
97,2026-07-13 09:16:54,7579.75,41,22
97,2026-07-13 09:16:54,7579.5,25,14
97,2026-07-13 09:16:54,7579.25,30,26
97,2026-07-13 09:16:54,7579,57,47
97,2026-07-13 09:16:54,7578.75,51,64
97,2026-07-13 09:16:54,7578.5,48,71
97,2026-07-13 09:16:54,7578.25,33,45
97,2026-07-13 09:16:54,7578,27,44
97,2026-07-13 09:16:54,7577.75,29,5
97,2026-07-13 09:16:54,7580.75,28,14
97,2026-07-13 09:16:54,7581,34,36
97,2026-07-13 09:16:54,7581.25,21,31
97,2026-07-13 09:16:54,7581.5,20,53
97,2026-07-13 09:16:54,7581.75,41,32
97,2026-07-13 09:16:54,7582,88,77
97,2026-07-13 09:16:54,7582.25,41,48
97,2026-07-13 09:16:54,7582.5,56,36
97,2026-07-13 09:16:54,7582.75,36,33
97,2026-07-13 09:16:54,7583,5,26
97,2026-07-13 09:16:54,7583.25,3,14
97,2026-07-13 09:16:54,7583.5,13,24
97,2026-07-13 09:16:54,7583.75,16,24
97,2026-07-13 09:16:54,7584,10,20
97,2026-07-13 09:16:54,7584.25,51,28
97,2026-07-13 09:16:54,7584.5,25,36
97,2026-07-13 09:16:54,7584.75,15,24
97,2026-07-13 09:16:54,7585,0,3
98,2026-07-13 09:16:59,7584.5,44,51
98,2026-07-13 09:16:59,7584.75,62,35
98,2026-07-13 09:16:59,7584.25,35,9
98,2026-07-13 09:16:59,7585,92,57
98,2026-07-13 09:16:59,7585.25,75,53
98,2026-07-13 09:16:59,7585.5,118,91
98,2026-07-13 09:16:59,7585.75,58,106
98,2026-07-13 09:16:59,7584,20,34
98,2026-07-13 09:16:59,7583.75,57,61
98,2026-07-13 09:16:59,7583.5,32,25
98,2026-07-13 09:16:59,7583.25,12,15
98,2026-07-13 09:16:59,7583,6,3
98,2026-07-13 09:16:59,7586,59,56
98,2026-07-13 09:16:59,7586.25,25,52
98,2026-07-13 09:16:59,7586.5,133,95
98,2026-07-13 09:16:59,7586.75,64,84
98,2026-07-13 09:16:59,7587,37,52
98,2026-07-13 09:16:59,7587.25,12,9
98,2026-07-13 09:16:59,7587.5,21,17
98,2026-07-13 09:16:59,7587.75,40,44
98,2026-07-13 09:16:59,7588,15,19
98,2026-07-13 09:16:59,7588.25,5,9
98,2026-07-13 09:16:59,7588.5,0,1
99,2026-07-13 09:17:03,7586.75,13,26
99,2026-07-13 09:17:03,7587,33,47
99,2026-07-13 09:17:03,7587.25,37,60
99,2026-07-13 09:17:03,7587.5,51,51
99,2026-07-13 09:17:03,7586.5,11,9
99,2026-07-13 09:17:03,7587.75,45,52
99,2026-07-13 09:17:03,7588,36,48
99,2026-07-13 09:17:03,7588.25,16,25
99,2026-07-13 09:17:03,7588.5,17,33
99,2026-07-13 09:17:03,7586.25,13,8
99,2026-07-13 09:17:03,7586,18,7
99,2026-07-13 09:17:03,7585.75,17,5
99,2026-07-13 09:17:03,7585.5,34,24
99,2026-07-13 09:17:03,7585.25,29,35
99,2026-07-13 09:17:03,7585,23,22
99,2026-07-13 09:17:03,7584.75,47,6
99,2026-07-13 09:17:03,7584.5,17,21
99,2026-07-13 09:17:03,7584.25,17,8
99,2026-07-13 09:17:03,7584,17,9
99,2026-07-13 09:17:03,7583.75,19,36
99,2026-07-13 09:17:03,7583.5,34,29
99,2026-07-13 09:17:03,7583.25,29,29
99,2026-07-13 09:17:03,7583,15,13
99,2026-07-13 09:17:03,7582.75,24,30
99,2026-07-13 09:17:03,7582.5,34,29
99,2026-07-13 09:17:03,7582.25,49,37
99,2026-07-13 09:17:03,7582,90,61
99,2026-07-13 09:17:03,7581.75,68,52
99,2026-07-13 09:17:03,7581.5,44,86
99,2026-07-13 09:17:03,7581.25,102,35
99,2026-07-13 09:17:03,7581,46,20
99,2026-07-13 09:17:03,7580.75,2,0
100,2026-07-13 09:17:07,7585.5,43,41
100,2026-07-13 09:17:07,7585.75,65,34
100,2026-07-13 09:17:07,7586,76,65
100,2026-07-13 09:17:07,7586.25,118,105
100,2026-07-13 09:17:07,7585.25,4,12
100,2026-07-13 09:17:07,7585,13,16
100,2026-07-13 09:17:07,7584.75,11,18
100,2026-07-13 09:17:07,7584.5,15,26
100,2026-07-13 09:17:07,7584.25,28,33
100,2026-07-13 09:17:07,7584,27,16
100,2026-07-13 09:17:07,7583.75,19,18
100,2026-07-13 09:17:07,7583.5,14,11
100,2026-07-13 09:17:07,7583.25,4,2
100,2026-07-13 09:17:07,7586.5,132,104
100,2026-07-13 09:17:07,7586.75,87,98
100,2026-07-13 09:17:07,7587,70,84
100,2026-07-13 09:17:07,7587.25,72,76
100,2026-07-13 09:17:07,7587.5,45,108
100,2026-07-13 09:17:07,7587.75,30,84
100,2026-07-13 09:17:07,7588,24,58
100,2026-07-13 09:17:07,7588.25,21,26
100,2026-07-13 09:17:07,7588.5,11,6
100,2026-07-13 09:17:07,7588.75,8,12
100,2026-07-13 09:17:07,7589,0,10
101,2026-07-13 09:17:14,7587,59,69
101,2026-07-13 09:17:14,7587.25,83,75
101,2026-07-13 09:17:14,7586.5,70,85
101,2026-07-13 09:17:14,7586.25,84,74
101,2026-07-13 09:17:14,7586,88,52
101,2026-07-13 09:17:14,7585.75,18,4
101,2026-07-13 09:17:14,7586.75,40,47
101,2026-07-13 09:17:14,7587.5,70,48
101,2026-07-13 09:17:14,7587.75,80,83
101,2026-07-13 09:17:14,7588,59,60
101,2026-07-13 09:17:14,7588.25,20,44
101,2026-07-13 09:17:14,7588.5,45,30
101,2026-07-13 09:17:14,7588.75,24,17
101,2026-07-13 09:17:14,7589,13,9
101,2026-07-13 09:17:14,7585.5,10,2
101,2026-07-13 09:17:14,7585.25,5,1
101,2026-07-13 09:17:14,7585,10,6
101,2026-07-13 09:17:14,7584.75,10,0
101,2026-07-13 09:17:14,7584.5,17,6
101,2026-07-13 09:17:14,7584.25,19,5
101,2026-07-13 09:17:14,7584,9,1
101,2026-07-13 09:17:14,7583.75,29,21
101,2026-07-13 09:17:14,7583.5,44,24
101,2026-07-13 09:17:14,7583.25,26,17
101,2026-07-13 09:17:14,7583,31,34
101,2026-07-13 09:17:14,7582.75,28,8
101,2026-07-13 09:17:14,7582.5,4,1
101,2026-07-13 09:17:14,7582.25,22,2
101,2026-07-13 09:17:14,7582,6,0
101,2026-07-13 09:17:14,7581.75,15,1
101,2026-07-13 09:17:14,7581.5,30,20
101,2026-07-13 09:17:14,7581.25,40,10
101,2026-07-13 09:17:14,7581,22,0
101,2026-07-13 09:17:14,7580.75,14,0
102,2026-07-13 09:17:24,7581,34,44
102,2026-07-13 09:17:24,7581.25,38,13
102,2026-07-13 09:17:24,7581.5,41,16
102,2026-07-13 09:17:24,7581.75,49,42
102,2026-07-13 09:17:24,7582,35,34
102,2026-07-13 09:17:24,7582.25,8,16
102,2026-07-13 09:17:24,7580.75,53,53
102,2026-07-13 09:17:24,7580.5,53,63
102,2026-07-13 09:17:24,7580.25,71,37
102,2026-07-13 09:17:24,7580,82,42
102,2026-07-13 09:17:24,7579.75,107,97
102,2026-07-13 09:17:24,7579.5,245,86
102,2026-07-13 09:17:24,7579.25,146,61
102,2026-07-13 09:17:24,7579,107,50
102,2026-07-13 09:17:24,7578.75,92,76
102,2026-07-13 09:17:24,7578.5,88,15
102,2026-07-13 09:17:24,7578.25,6,0
103,2026-07-13 09:17:31,7580,29,3
103,2026-07-13 09:17:31,7579.75,9,0
103,2026-07-13 09:17:31,7580.5,1,7
103,2026-07-13 09:17:31,7580.25,23,7
103,2026-07-13 09:17:31,7579.5,8,0
103,2026-07-13 09:17:31,7579.25,8,11
103,2026-07-13 09:17:31,7579,26,74
103,2026-07-13 09:17:31,7578.75,95,27
103,2026-07-13 09:17:31,7578.5,25,37
103,2026-07-13 09:17:31,7578.25,45,35
103,2026-07-13 09:17:31,7578,80,91
103,2026-07-13 09:17:31,7577.75,73,112
103,2026-07-13 09:17:31,7577.5,79,98
103,2026-07-13 09:17:31,7577.25,69,102
103,2026-07-13 09:17:31,7577,75,49
103,2026-07-13 09:17:31,7576.75,116,22
103,2026-07-13 09:17:31,7576.5,38,40
103,2026-07-13 09:17:31,7576.25,84,74
103,2026-07-13 09:17:31,7576,70,38
103,2026-07-13 09:17:31,7575.75,51,26
103,2026-07-13 09:17:31,7575.5,51,17
103,2026-07-13 09:17:31,7575.25,75,0
104,2026-07-13 09:17:40,7579,22,25
104,2026-07-13 09:17:40,7579.25,22,32
104,2026-07-13 09:17:40,7578.75,51,47
104,2026-07-13 09:17:40,7578.5,38,28
104,2026-07-13 09:17:40,7578.25,33,53
104,2026-07-13 09:17:40,7578,18,10
104,2026-07-13 09:17:40,7577.75,1,0
104,2026-07-13 09:17:40,7579.5,5,17
104,2026-07-13 09:17:40,7579.75,29,10
104,2026-07-13 09:17:40,7580,61,44
104,2026-07-13 09:17:40,7580.25,34,45
104,2026-07-13 09:17:40,7580.5,21,43
104,2026-07-13 09:17:40,7580.75,41,33
104,2026-07-13 09:17:40,7581,23,56
104,2026-07-13 09:17:40,7581.25,33,22
104,2026-07-13 09:17:40,7581.5,9,26
104,2026-07-13 09:17:40,7581.75,2,2
104,2026-07-13 09:17:40,7582,8,13
104,2026-07-13 09:17:40,7582.25,66,34
104,2026-07-13 09:17:40,7582.5,109,62
104,2026-07-13 09:17:40,7582.75,93,109
104,2026-07-13 09:17:40,7583,52,64
104,2026-07-13 09:17:40,7583.25,54,43
104,2026-07-13 09:17:40,7583.5,25,36
104,2026-07-13 09:17:40,7583.75,9,32
104,2026-07-13 09:17:40,7584,0,19
104,2026-07-13 09:17:40,7584.25,7,5
104,2026-07-13 09:17:40,7584.5,12,6
104,2026-07-13 09:17:40,7584.75,2,27
104,2026-07-13 09:17:40,7585,13,18
104,2026-07-13 09:17:40,7585.25,30,38
104,2026-07-13 09:17:40,7585.5,32,22
104,2026-07-13 09:17:40,7585.75,7,10
104,2026-07-13 09:17:40,7586,0,7
105,2026-07-13 09:17:53,7585.25,155,94
105,2026-07-13 09:17:53,7585.5,76,81
105,2026-07-13 09:17:53,7585.75,57,83
105,2026-07-13 09:17:53,7586,10,108
105,2026-07-13 09:17:53,7586.25,0,37
105,2026-07-13 09:17:53,7586.5,0,6
105,2026-07-13 09:17:53,7585,436,58
105,2026-07-13 09:17:53,7584.75,47,36
105,2026-07-13 09:17:53,7584.5,93,37
105,2026-07-13 09:17:53,7584.25,31,10
105,2026-07-13 09:17:53,7584,3,1
106,2026-07-13 09:17:58,7584.75,890,102
106,2026-07-13 09:17:58,7585,143,126
106,2026-07-13 09:17:58,7584.5,95,54
106,2026-07-13 09:17:58,7585.25,105,133
106,2026-07-13 09:17:58,7585.5,159,127
106,2026-07-13 09:17:58,7585.75,52,69
106,2026-07-13 09:17:58,7586,49,72
106,2026-07-13 09:17:58,7586.25,41,79
106,2026-07-13 09:17:58,7586.5,26,59
106,2026-07-13 09:17:58,7586.75,28,35
106,2026-07-13 09:17:58,7587,10,12
106,2026-07-13 09:17:58,7587.25,0,12
106,2026-07-13 09:17:58,7584.25,26,25
106,2026-07-13 09:17:58,7584,9,3
107,2026-07-13 09:18:09,7587,96,76
107,2026-07-13 09:18:09,7586.75,49,27
107,2026-07-13 09:18:09,7586.5,69,86
107,2026-07-13 09:18:09,7586.25,44,19
107,2026-07-13 09:18:09,7587.25,77,108
107,2026-07-13 09:18:09,7587.5,73,59
107,2026-07-13 09:18:09,7587.75,62,56
107,2026-07-13 09:18:09,7588,27,34
107,2026-07-13 09:18:09,7588.25,23,54
107,2026-07-13 09:18:09,7588.5,0,3
107,2026-07-13 09:18:09,7586,27,17
107,2026-07-13 09:18:09,7585.75,41,40
107,2026-07-13 09:18:09,7585.5,28,66
107,2026-07-13 09:18:09,7585.25,84,62
107,2026-07-13 09:18:09,7585,57,54
107,2026-07-13 09:18:09,7584.75,33,27
107,2026-07-13 09:18:09,7584.5,32,10
107,2026-07-13 09:18:09,7584.25,30,15
107,2026-07-13 09:18:09,7584,17,2
107,2026-07-13 09:18:09,7583.75,10,0
107,2026-07-13 09:18:09,7583.5,15,6
107,2026-07-13 09:18:09,7583.25,26,15
107,2026-07-13 09:18:09,7583,16,1
107,2026-07-13 09:18:09,7582.75,26,26
107,2026-07-13 09:18:09,7582.5,10,1
107,2026-07-13 09:18:09,7582.25,13,9
107,2026-07-13 09:18:09,7582,23,22
107,2026-07-13 09:18:09,7581.75,37,41
107,2026-07-13 09:18:09,7581.5,18,0
108,2026-07-13 09:18:22,7581.5,56,63
108,2026-07-13 09:18:22,7581.25,54,66
108,2026-07-13 09:18:22,7581.75,25,54
108,2026-07-13 09:18:22,7582,52,46
108,2026-07-13 09:18:22,7581,39,26
108,2026-07-13 09:18:22,7580.75,24,11
108,2026-07-13 09:18:22,7582.25,72,97
108,2026-07-13 09:18:22,7582.5,103,51
108,2026-07-13 09:18:22,7582.75,70,118
108,2026-07-13 09:18:22,7583,91,77
108,2026-07-13 09:18:22,7583.25,94,178
108,2026-07-13 09:18:22,7583.5,90,128
108,2026-07-13 09:18:22,7583.75,64,133
108,2026-07-13 09:18:22,7584,39,59
108,2026-07-13 09:18:22,7584.25,9,12
109,2026-07-13 09:18:36,7584,11,11
109,2026-07-13 09:18:36,7584.25,5,12
109,2026-07-13 09:18:36,7583.75,1,0
109,2026-07-13 09:18:36,7584.5,23,11
109,2026-07-13 09:18:36,7584.75,25,36
109,2026-07-13 09:18:36,7585,85,87
109,2026-07-13 09:18:36,7585.25,32,82
109,2026-07-13 09:18:36,7585.5,114,64
109,2026-07-13 09:18:36,7585.75,176,175
109,2026-07-13 09:18:36,7586,110,154
109,2026-07-13 09:18:36,7586.25,56,107
109,2026-07-13 09:18:36,7586.5,45,89
109,2026-07-13 09:18:36,7586.75,71,55
109,2026-07-13 09:18:36,7587,45,63
109,2026-07-13 09:18:36,7587.25,49,64
109,2026-07-13 09:18:36,7587.5,16,37
109,2026-07-13 09:18:36,7587.75,28,32
109,2026-07-13 09:18:36,7588,4,19
109,2026-07-13 09:18:36,7588.25,0,6
110,2026-07-13 09:19:03,7586.25,79,87
110,2026-07-13 09:19:03,7586.5,130,116
110,2026-07-13 09:19:03,7586.75,137,126
110,2026-07-13 09:19:03,7587,146,122
110,2026-07-13 09:19:03,7587.25,65,139
110,2026-07-13 09:19:03,7586,23,4
110,2026-07-13 09:19:03,7587.5,79,91
110,2026-07-13 09:19:03,7587.75,90,72
110,2026-07-13 09:19:03,7588,106,129
110,2026-07-13 09:19:03,7588.25,67,56
110,2026-07-13 09:19:03,7588.5,46,81
110,2026-07-13 09:19:03,7588.75,0,9
111,2026-07-13 09:19:23,7587.5,10,21
111,2026-07-13 09:19:23,7587.75,66,48
111,2026-07-13 09:19:23,7588,63,87
111,2026-07-13 09:19:23,7588.25,61,94
111,2026-07-13 09:19:23,7587.25,10,18
111,2026-07-13 09:19:23,7587,17,6
111,2026-07-13 09:19:23,7588.5,65,141
111,2026-07-13 09:19:23,7588.75,127,93
111,2026-07-13 09:19:23,7589,47,81
111,2026-07-13 09:19:23,7589.25,42,61
111,2026-07-13 09:19:23,7589.5,81,122
111,2026-07-13 09:19:23,7589.75,156,98
111,2026-07-13 09:19:23,7590,40,75
111,2026-07-13 09:19:23,7590.25,13,53
111,2026-07-13 09:19:23,7590.5,56,47
111,2026-07-13 09:19:23,7590.75,35,56
111,2026-07-13 09:19:23,7591,0,10
112,2026-07-13 09:19:40,7589.25,70,107
112,2026-07-13 09:19:40,7589.5,34,73
112,2026-07-13 09:19:40,7589.75,33,45
112,2026-07-13 09:19:40,7589,95,129
112,2026-07-13 09:19:40,7588.75,125,160
112,2026-07-13 09:19:40,7588.5,149,148
112,2026-07-13 09:19:40,7588.25,133,172
112,2026-07-13 09:19:40,7588,134,101
112,2026-07-13 09:19:40,7587.75,73,44
112,2026-07-13 09:19:40,7587.5,11,0
112,2026-07-13 09:19:40,7590,37,57
112,2026-07-13 09:19:40,7590.25,29,40
112,2026-07-13 09:19:40,7590.5,0,1
113,2026-07-13 09:20:00,7590.25,24,11
113,2026-07-13 09:20:00,7590.5,20,37
113,2026-07-13 09:20:00,7590.75,101,112
113,2026-07-13 09:20:00,7591,208,174
113,2026-07-13 09:20:00,7591.25,88,200
113,2026-07-13 09:20:00,7591.5,60,58
113,2026-07-13 09:20:00,7590,14,0
113,2026-07-13 09:20:00,7591.75,79,59
113,2026-07-13 09:20:00,7592,64,87
113,2026-07-13 09:20:00,7592.25,55,105
113,2026-07-13 09:20:00,7592.5,90,72
113,2026-07-13 09:20:00,7592.75,66,85
113,2026-07-13 09:20:00,7593,24,69
113,2026-07-13 09:20:00,7593.25,12,22
113,2026-07-13 09:20:00,7593.5,0,4
114,2026-07-13 09:20:19,7591.5,67,84
114,2026-07-13 09:20:19,7591.75,77,78
114,2026-07-13 09:20:19,7591.25,95,63
114,2026-07-13 09:20:19,7591,123,51
114,2026-07-13 09:20:19,7592,93,108
114,2026-07-13 09:20:19,7592.25,28,51
114,2026-07-13 09:20:19,7590.75,31,27
114,2026-07-13 09:20:19,7590.5,17,49
114,2026-07-13 09:20:19,7592.5,0,29
114,2026-07-13 09:20:19,7590.25,46,89
114,2026-07-13 09:20:19,7590,44,36
114,2026-07-13 09:20:19,7589.75,23,55
114,2026-07-13 09:20:19,7589.5,104,123
114,2026-07-13 09:20:19,7589.25,131,101
114,2026-07-13 09:20:19,7589,87,22
114,2026-07-13 09:20:19,7588.75,34,11
114,2026-07-13 09:20:19,7588.5,19,0
115,2026-07-13 09:20:40,7590,23,105
115,2026-07-13 09:20:40,7589.75,156,113
115,2026-07-13 09:20:40,7590.25,35,23
115,2026-07-13 09:20:40,7589.5,89,85
115,2026-07-13 09:20:40,7589.25,80,124
115,2026-07-13 09:20:40,7589,151,95
115,2026-07-13 09:20:40,7588.75,102,104
115,2026-07-13 09:20:40,7588.5,79,75
115,2026-07-13 09:20:40,7588.25,94,55
115,2026-07-13 09:20:40,7588,66,40
115,2026-07-13 09:20:40,7587.75,30,20
115,2026-07-13 09:20:40,7587.5,9,10
115,2026-07-13 09:20:40,7590.5,35,51
115,2026-07-13 09:20:40,7590.75,22,15
115,2026-07-13 09:20:40,7591,37,25
115,2026-07-13 09:20:40,7591.25,20,33
116,2026-07-13 09:21:06,7590,128,159
116,2026-07-13 09:21:06,7589.75,41,10
116,2026-07-13 09:21:06,7589.5,51,56
116,2026-07-13 09:21:06,7589.25,99,85
116,2026-07-13 09:21:06,7589,151,140
116,2026-07-13 09:21:06,7588.75,116,65
116,2026-07-13 09:21:06,7588.5,73,46
116,2026-07-13 09:21:06,7590.25,86,91
116,2026-07-13 09:21:06,7590.5,88,102
116,2026-07-13 09:21:06,7590.75,73,62
116,2026-07-13 09:21:06,7591,35,49
116,2026-07-13 09:21:06,7591.25,29,32
116,2026-07-13 09:21:06,7591.5,1,4
116,2026-07-13 09:21:06,7588.25,38,29
116,2026-07-13 09:21:06,7588,52,12
117,2026-07-13 09:21:36,7588,41,26
117,2026-07-13 09:21:36,7588.25,72,64
117,2026-07-13 09:21:36,7587.75,92,122
117,2026-07-13 09:21:36,7587.5,102,44
117,2026-07-13 09:21:36,7587.25,108,139
117,2026-07-13 09:21:36,7587,135,123
117,2026-07-13 09:21:36,7586.75,88,81
117,2026-07-13 09:21:36,7586.5,47,84
117,2026-07-13 09:21:36,7586.25,72,92
117,2026-07-13 09:21:36,7586,104,63
117,2026-07-13 09:21:36,7585.75,54,56
117,2026-07-13 09:21:36,7585.5,78,18
117,2026-07-13 09:21:36,7585.25,9,0
117,2026-07-13 09:21:36,7588.5,13,27
117,2026-07-13 09:21:36,7588.75,10,19
117,2026-07-13 09:21:36,7589,4,10
117,2026-07-13 09:21:36,7589.25,0,2
118,2026-07-13 09:22:00,7588,111,168
118,2026-07-13 09:22:00,7587.75,199,217
118,2026-07-13 09:22:00,7588.25,72,100
118,2026-07-13 09:22:00,7587.5,160,166
118,2026-07-13 09:22:00,7587.25,128,114
118,2026-07-13 09:22:00,7587,102,36
118,2026-07-13 09:22:00,7588.5,85,65
118,2026-07-13 09:22:00,7586.75,2,0
118,2026-07-13 09:22:00,7588.75,92,72
118,2026-07-13 09:22:00,7589,42,32
118,2026-07-13 09:22:00,7589.25,9,21
118,2026-07-13 09:22:00,7589.5,0,8
119,2026-07-13 09:22:32,7588.75,59,138
119,2026-07-13 09:22:32,7589,37,94
119,2026-07-13 09:22:32,7588.5,112,99
119,2026-07-13 09:22:32,7588.25,53,36
119,2026-07-13 09:22:32,7588,32,33
119,2026-07-13 09:22:32,7587.75,21,13
119,2026-07-13 09:22:32,7587.5,9,1
119,2026-07-13 09:22:32,7589.25,39,60
119,2026-07-13 09:22:32,7589.5,30,43
119,2026-07-13 09:22:32,7589.75,48,64
119,2026-07-13 09:22:32,7590,116,119
119,2026-07-13 09:22:32,7590.25,165,102
119,2026-07-13 09:22:32,7590.5,87,123
119,2026-07-13 09:22:32,7590.75,44,81
119,2026-07-13 09:22:32,7591,15,56
119,2026-07-13 09:22:32,7591.25,16,24
119,2026-07-13 09:22:32,7591.5,7,24
120,2026-07-13 09:23:00,7588.75,46,30
120,2026-07-13 09:23:00,7588.5,208,179
120,2026-07-13 09:23:00,7588.25,147,142
120,2026-07-13 09:23:00,7588,72,84
120,2026-07-13 09:23:00,7587.75,73,30
120,2026-07-13 09:23:00,7587.5,24,17
120,2026-07-13 09:23:00,7587.25,46,33
120,2026-07-13 09:23:00,7587,29,44
120,2026-07-13 09:23:00,7586.75,29,47
120,2026-07-13 09:23:00,7586.5,27,12
120,2026-07-13 09:23:00,7589,24,32
120,2026-07-13 09:23:00,7589.25,43,51
120,2026-07-13 09:23:00,7589.5,22,32
120,2026-07-13 09:23:00,7589.75,5,8
120,2026-07-13 09:23:00,7590,75,55
120,2026-07-13 09:23:00,7590.25,44,71
120,2026-07-13 09:23:00,7590.5,52,63
120,2026-07-13 09:23:00,7590.75,30,28
120,2026-07-13 09:23:00,7591,8,17
120,2026-07-13 09:23:00,7591.25,0,21
121,2026-07-13 09:23:30,7590.75,118,82
121,2026-07-13 09:23:30,7590.5,37,54
121,2026-07-13 09:23:30,7590.25,60,93
121,2026-07-13 09:23:30,7590,60,82
121,2026-07-13 09:23:30,7589.75,22,7
121,2026-07-13 09:23:30,7589.5,19,0
121,2026-07-13 09:23:30,7591,209,62
121,2026-07-13 09:23:30,7591.25,231,278
121,2026-07-13 09:23:30,7591.5,94,97
121,2026-07-13 09:23:30,7591.75,22,32
121,2026-07-13 09:23:30,7592,54,75
121,2026-07-13 09:23:30,7592.25,19,22
121,2026-07-13 09:23:30,7592.5,40,16
121,2026-07-13 09:23:30,7592.75,23,36
121,2026-07-13 09:23:30,7593,14,42
122,2026-07-13 09:24:04,7592.75,34,32
122,2026-07-13 09:24:04,7592.5,20,6
122,2026-07-13 09:24:04,7593,126,96
122,2026-07-13 09:24:04,7593.25,131,154
122,2026-07-13 09:24:04,7593.5,139,169
122,2026-07-13 09:24:04,7593.75,81,169
122,2026-07-13 09:24:04,7594,69,157
122,2026-07-13 09:24:04,7594.25,48,142
122,2026-07-13 09:24:04,7594.5,22,73
122,2026-07-13 09:24:04,7594.75,5,47
122,2026-07-13 09:24:04,7595,0,70
122,2026-07-13 09:24:04,7595.25,20,36
122,2026-07-13 09:24:04,7595.5,7,21
122,2026-07-13 09:24:04,7595.75,0,43
122,2026-07-13 09:24:04,7596,19,64
123,2026-07-13 09:24:26,7595.75,122,82
123,2026-07-13 09:24:26,7596,86,83
123,2026-07-13 09:24:26,7596.25,71,171
123,2026-07-13 09:24:26,7596.5,46,81
123,2026-07-13 09:24:26,7595.5,27,22
123,2026-07-13 09:24:26,7595.25,52,73
123,2026-07-13 09:24:26,7595,75,63
123,2026-07-13 09:24:26,7594.75,98,88
123,2026-07-13 09:24:26,7594.5,6,0
123,2026-07-13 09:24:26,7596.75,98,109
123,2026-07-13 09:24:26,7597,73,90
123,2026-07-13 09:24:26,7597.25,45,50
123,2026-07-13 09:24:26,7597.5,2,19
123,2026-07-13 09:24:26,7597.75,33,21
123,2026-07-13 09:24:26,7598,78,107
123,2026-07-13 09:24:26,7598.25,12,17
124,2026-07-13 09:24:49,7598,68,58
124,2026-07-13 09:24:49,7598.25,82,102
124,2026-07-13 09:24:49,7597.75,112,74
124,2026-07-13 09:24:49,7597.5,63,24
124,2026-07-13 09:24:49,7598.5,129,144
124,2026-07-13 09:24:49,7598.75,123,137
124,2026-07-13 09:24:49,7599,195,224
124,2026-07-13 09:24:49,7599.25,92,169
124,2026-07-13 09:24:49,7599.5,37,51
124,2026-07-13 09:24:49,7599.75,10,54
124,2026-07-13 09:24:49,7600,12,40
125,2026-07-13 09:25:05,7598.25,55,117
125,2026-07-13 09:25:05,7598,181,186
125,2026-07-13 09:25:05,7597.75,169,175
125,2026-07-13 09:25:05,7597.5,103,97
125,2026-07-13 09:25:05,7597.25,56,38
125,2026-07-13 09:25:05,7597,10,0
125,2026-07-13 09:25:05,7598.5,2,30
125,2026-07-13 09:25:05,7598.75,1,30
125,2026-07-13 09:25:05,7599,41,38
125,2026-07-13 09:25:05,7599.25,154,108
125,2026-07-13 09:25:05,7599.5,86,129
125,2026-07-13 09:25:05,7599.75,31,44
125,2026-07-13 09:25:05,7600,26,67
125,2026-07-13 09:25:05,7600.25,7,16
125,2026-07-13 09:25:05,7600.5,0,3
126,2026-07-13 09:25:33,7599.25,13,12
126,2026-07-13 09:25:33,7599.5,0,1
126,2026-07-13 09:25:33,7599,23,18
126,2026-07-13 09:25:33,7598.75,47,35
126,2026-07-13 09:25:33,7598.5,60,105
126,2026-07-13 09:25:33,7598.25,133,113
126,2026-07-13 09:25:33,7598,117,114
126,2026-07-13 09:25:33,7597.75,70,81
126,2026-07-13 09:25:33,7597.5,141,155
126,2026-07-13 09:25:33,7597.25,140,92
126,2026-07-13 09:25:33,7597,220,90
126,2026-07-13 09:25:33,7596.75,64,47
126,2026-07-13 09:25:33,7596.5,27,28
126,2026-07-13 09:25:33,7596.25,41,13
127,2026-07-13 09:26:08,7598.5,21,19
127,2026-07-13 09:26:08,7598.25,2,0
127,2026-07-13 09:26:08,7598.75,80,52
127,2026-07-13 09:26:08,7599,69,27
127,2026-07-13 09:26:08,7599.25,75,107
127,2026-07-13 09:26:08,7599.5,94,66
127,2026-07-13 09:26:08,7599.75,71,126
127,2026-07-13 09:26:08,7600,96,46
127,2026-07-13 09:26:08,7600.25,157,129
127,2026-07-13 09:26:08,7600.5,179,202
127,2026-07-13 09:26:08,7600.75,117,143
127,2026-07-13 09:26:08,7601,37,81
127,2026-07-13 09:26:08,7601.25,0,4
128,2026-07-13 09:26:42,7599.25,248,162
128,2026-07-13 09:26:42,7599.5,147,198
128,2026-07-13 09:26:42,7599,157,64
128,2026-07-13 09:26:42,7599.75,144,148
128,2026-07-13 09:26:42,7600,39,52
128,2026-07-13 09:26:42,7598.75,43,61
128,2026-07-13 09:26:42,7600.25,14,11
128,2026-07-13 09:26:42,7600.5,36,31
128,2026-07-13 09:26:42,7600.75,13,16
128,2026-07-13 09:26:42,7601,0,1
128,2026-07-13 09:26:42,7598.5,70,60
128,2026-07-13 09:26:42,7598.25,27,72
128,2026-07-13 09:26:42,7598,116,43
128,2026-07-13 09:26:42,7597.75,25,0
128,2026-07-13 09:26:42,7597.5,2,0
129,2026-07-13 09:27:25,7599.75,8,18
129,2026-07-13 09:27:25,7599.5,71,57
129,2026-07-13 09:27:25,7599.25,126,111
129,2026-07-13 09:27:25,7599,133,93
129,2026-07-13 09:27:25,7598.75,124,110
129,2026-07-13 09:27:25,7598.5,134,106
129,2026-07-13 09:27:25,7598.25,30,29
129,2026-07-13 09:27:25,7598,121,126
129,2026-07-13 09:27:25,7597.75,105,102
129,2026-07-13 09:27:25,7597.5,60,53
129,2026-07-13 09:27:25,7597.25,49,52
129,2026-07-13 09:27:25,7597,58,26
129,2026-07-13 09:27:25,7596.75,53,37
129,2026-07-13 09:27:25,7596.5,8,0
130,2026-07-13 09:28:07,7598.25,95,84
130,2026-07-13 09:28:07,7598,2,0
130,2026-07-13 09:28:07,7598.5,105,150
130,2026-07-13 09:28:07,7598.75,122,99
130,2026-07-13 09:28:07,7599,134,140
130,2026-07-13 09:28:07,7599.25,141,149
130,2026-07-13 09:28:07,7599.5,132,162
130,2026-07-13 09:28:07,7599.75,73,116
130,2026-07-13 09:28:07,7600,31,81
130,2026-07-13 09:28:07,7600.25,17,31
130,2026-07-13 09:28:07,7600.5,19,16
130,2026-07-13 09:28:07,7600.75,33,68
131,2026-07-13 09:28:42,7599.25,88,97
131,2026-07-13 09:28:42,7599.5,81,96
131,2026-07-13 09:28:42,7599,63,56
131,2026-07-13 09:28:42,7598.75,39,52
131,2026-07-13 09:28:42,7598.5,44,25
131,2026-07-13 09:28:42,7599.75,86,86
131,2026-07-13 09:28:42,7600,85,120
131,2026-07-13 09:28:42,7600.25,85,99
131,2026-07-13 09:28:42,7600.5,53,83
131,2026-07-13 09:28:42,7600.75,29,35
131,2026-07-13 09:28:42,7601,19,31
131,2026-07-13 09:28:42,7601.25,27,60
131,2026-07-13 09:28:42,7601.5,11,67
131,2026-07-13 09:28:42,7601.75,54,65
131,2026-07-13 09:28:42,7602,40,72
131,2026-07-13 09:28:42,7602.25,42,97
131,2026-07-13 09:28:42,7602.5,0,13
132,2026-07-13 09:29:19,7602.25,67,128
132,2026-07-13 09:29:19,7602,118,175
132,2026-07-13 09:29:19,7602.5,113,205
132,2026-07-13 09:29:19,7602.75,20,42
132,2026-07-13 09:29:19,7601.75,207,219
132,2026-07-13 09:29:19,7601.5,218,143
132,2026-07-13 09:29:19,7601.25,124,102
132,2026-07-13 09:29:19,7601,59,22
132,2026-07-13 09:29:19,7600.75,20,2
132,2026-07-13 09:29:19,7603,0,16
133,2026-07-13 09:30:02,7602.5,139,145
133,2026-07-13 09:30:02,7602.25,231,167
133,2026-07-13 09:30:02,7602,112,92
133,2026-07-13 09:30:02,7601.75,15,17
133,2026-07-13 09:30:02,7601.5,1,0
133,2026-07-13 09:30:02,7602.75,118,203
133,2026-07-13 09:30:02,7603,105,47
133,2026-07-13 09:30:02,7603.25,142,157
133,2026-07-13 09:30:02,7603.5,78,122
133,2026-07-13 09:30:02,7603.75,50,59
134,2026-07-13 09:30:33,7602.25,42,48
134,2026-07-13 09:30:33,7602,146,85
134,2026-07-13 09:30:33,7601.75,138,107
134,2026-07-13 09:30:33,7601.5,73,33
134,2026-07-13 09:30:33,7602.5,32,29
134,2026-07-13 09:30:33,7602.75,7,12
134,2026-07-13 09:30:33,7601.25,129,106
134,2026-07-13 09:30:33,7601,183,62
134,2026-07-13 09:30:33,7600.75,167,84
134,2026-07-13 09:30:33,7600.5,146,123
134,2026-07-13 09:30:33,7600.25,89,76
134,2026-07-13 09:30:33,7600,49,20
134,2026-07-13 09:30:33,7599.75,8,6
135,2026-07-13 09:31:17,7600.25,116,92
135,2026-07-13 09:31:17,7600.5,65,78
135,2026-07-13 09:31:17,7600.75,120,71
135,2026-07-13 09:31:17,7601,44,48
135,2026-07-13 09:31:17,7601.25,30,36
135,2026-07-13 09:31:17,7601.5,5,13
135,2026-07-13 09:31:17,7600,46,25
135,2026-07-13 09:31:17,7599.75,107,133
135,2026-07-13 09:31:17,7599.5,161,159
135,2026-07-13 09:31:17,7599.25,147,109
135,2026-07-13 09:31:17,7599,135,141
135,2026-07-13 09:31:17,7598.75,100,19
136,2026-07-13 09:31:52,7600,19,30
136,2026-07-13 09:31:52,7599.75,64,45
136,2026-07-13 09:31:52,7599.5,131,154
136,2026-07-13 09:31:52,7599.25,245,226
136,2026-07-13 09:31:52,7599,243,159
136,2026-07-13 09:31:52,7598.75,190,104
136,2026-07-13 09:31:52,7598.5,118,100
136,2026-07-13 09:31:52,7598.25,91,42
136,2026-07-13 09:31:52,7598,37,0
137,2026-07-13 09:32:32,7598,135,85
137,2026-07-13 09:32:32,7597.75,54,42
137,2026-07-13 09:32:32,7598.25,148,137
137,2026-07-13 09:32:32,7598.5,129,100
137,2026-07-13 09:32:32,7598.75,100,96
137,2026-07-13 09:32:32,7599,54,32
137,2026-07-13 09:32:32,7599.25,47,28
137,2026-07-13 09:32:32,7599.5,57,59
137,2026-07-13 09:32:32,7599.75,23,35
137,2026-07-13 09:32:32,7597.5,75,57
137,2026-07-13 09:32:32,7597.25,114,85
137,2026-07-13 09:32:32,7597,118,54
137,2026-07-13 09:32:32,7596.75,84,44
137,2026-07-13 09:32:32,7596.5,10,0
138,2026-07-13 09:33:11,7597.25,120,75
138,2026-07-13 09:33:11,7597.5,91,117
138,2026-07-13 09:33:11,7597,120,76
138,2026-07-13 09:33:11,7596.75,58,34
138,2026-07-13 09:33:11,7596.5,16,0
138,2026-07-13 09:33:11,7597.75,111,91
138,2026-07-13 09:33:11,7598,73,133
138,2026-07-13 09:33:11,7598.25,119,92
138,2026-07-13 09:33:11,7598.5,181,128
138,2026-07-13 09:33:11,7598.75,58,81
138,2026-07-13 09:33:11,7599,48,53
138,2026-07-13 09:33:11,7599.25,40,51
138,2026-07-13 09:33:11,7599.5,6,23
138,2026-07-13 09:33:11,7599.75,0,5
139,2026-07-13 09:34:03,7599.75,22,52
139,2026-07-13 09:34:03,7600,0,3
139,2026-07-13 09:34:03,7599.5,61,85
139,2026-07-13 09:34:03,7599.25,132,104
139,2026-07-13 09:34:03,7599,232,245
139,2026-07-13 09:34:03,7598.75,227,143
139,2026-07-13 09:34:03,7598.5,78,43
139,2026-07-13 09:34:03,7598.25,54,44
139,2026-07-13 09:34:03,7598,70,44
139,2026-07-13 09:34:03,7597.75,111,56
139,2026-07-13 09:34:03,7597.5,96,69
139,2026-07-13 09:34:03,7597.25,19,10
140,2026-07-13 09:35:01,7597.75,53,70
140,2026-07-13 09:35:01,7597.5,131,146
140,2026-07-13 09:35:01,7598,11,26
140,2026-07-13 09:35:01,7597.25,185,159
140,2026-07-13 09:35:01,7597,187,148
140,2026-07-13 09:35:01,7596.75,151,98
140,2026-07-13 09:35:01,7596.5,76,38
140,2026-07-13 09:35:01,7596.25,47,18
140,2026-07-13 09:35:01,7596,69,41
140,2026-07-13 09:35:01,7595.75,34,0
140,2026-07-13 09:35:01,7595.5,61,9
140,2026-07-13 09:35:01,7595.25,12,22
140,2026-07-13 09:35:01,7595,74,39
140,2026-07-13 09:35:01,7594.75,48,47
141,2026-07-13 09:35:56,7594.5,70,29
141,2026-07-13 09:35:56,7594.25,65,67
141,2026-07-13 09:35:56,7594.75,22,35
141,2026-07-13 09:35:56,7594,67,31
141,2026-07-13 09:35:56,7593.75,102,149
141,2026-07-13 09:35:56,7593.5,168,124
141,2026-07-13 09:35:56,7593.25,164,136
141,2026-07-13 09:35:56,7593,194,151
141,2026-07-13 09:35:56,7592.75,155,86
141,2026-07-13 09:35:56,7592.5,118,58
141,2026-07-13 09:35:56,7592.25,9,0
142,2026-07-13 09:36:32,7593.25,154,235
142,2026-07-13 09:36:32,7593.5,43,54
142,2026-07-13 09:36:32,7593,366,447
142,2026-07-13 09:36:32,7592.75,221,166
142,2026-07-13 09:36:32,7592.5,160,47
142,2026-07-13 09:36:32,7593.75,16,22
142,2026-07-13 09:36:32,7594,14,28
142,2026-07-13 09:36:32,7594.25,0,19
142,2026-07-13 09:36:32,7592.25,5,0
143,2026-07-13 09:37:23,7592.25,107,99
143,2026-07-13 09:37:23,7592,167,182
143,2026-07-13 09:37:23,7591.75,164,119
143,2026-07-13 09:37:23,7591.5,175,169
143,2026-07-13 09:37:23,7591.25,106,86
143,2026-07-13 09:37:23,7591,76,40
143,2026-07-13 09:37:23,7590.75,26,0
143,2026-07-13 09:37:23,7592.5,134,126
143,2026-07-13 09:37:23,7592.75,58,112
143,2026-07-13 09:37:23,7593,29,25
143,2026-07-13 09:37:23,7593.25,0,1
144,2026-07-13 09:38:04,7593,224,235
144,2026-07-13 09:38:04,7593.25,157,183
144,2026-07-13 09:38:04,7593.5,180,121
144,2026-07-13 09:38:04,7593.75,72,117
144,2026-07-13 09:38:04,7594,28,40
144,2026-07-13 09:38:04,7594.25,2,18
144,2026-07-13 09:38:04,7592.75,156,123
144,2026-07-13 09:38:04,7592.5,70,79
144,2026-07-13 09:38:04,7592.25,55,52
144,2026-07-13 09:38:04,7592,56,25
144,2026-07-13 09:38:04,7591.75,9,0
145,2026-07-13 09:38:45,7593,277,257
145,2026-07-13 09:38:45,7592.75,254,223
145,2026-07-13 09:38:45,7592.5,137,96
145,2026-07-13 09:38:45,7593.25,108,137
145,2026-07-13 09:38:45,7593.5,48,86
145,2026-07-13 09:38:45,7592.25,76,64
145,2026-07-13 09:38:45,7592,24,5
145,2026-07-13 09:38:45,7593.75,32,38
145,2026-07-13 09:38:45,7594,26,42
145,2026-07-13 09:38:45,7594.25,10,59
146,2026-07-13 09:39:36,7592.25,122,108
146,2026-07-13 09:39:36,7592.5,205,130
146,2026-07-13 09:39:36,7592.75,163,147
146,2026-07-13 09:39:36,7593,113,152
146,2026-07-13 09:39:36,7593.25,37,55
146,2026-07-13 09:39:36,7593.5,34,35
146,2026-07-13 09:39:36,7593.75,4,12
146,2026-07-13 09:39:36,7592,34,39
146,2026-07-13 09:39:36,7591.75,48,12
146,2026-07-13 09:39:36,7591.5,41,37
146,2026-07-13 09:39:36,7591.25,79,46
146,2026-07-13 09:39:36,7591,58,17
146,2026-07-13 09:39:36,7590.75,31,4
146,2026-07-13 09:39:36,7590.5,44,24
146,2026-07-13 09:39:36,7590.25,63,64
146,2026-07-13 09:39:36,7590,42,0
147,2026-07-13 09:40:16,7590.5,33,40
147,2026-07-13 09:40:16,7590.25,70,81
147,2026-07-13 09:40:16,7590,76,27
147,2026-07-13 09:40:16,7590.75,0,21
147,2026-07-13 09:40:16,7589.75,135,83
147,2026-07-13 09:40:16,7589.5,146,86
147,2026-07-13 09:40:16,7589.25,71,51
147,2026-07-13 09:40:16,7589,96,111
147,2026-07-13 09:40:16,7588.75,124,140
147,2026-07-13 09:40:16,7588.5,155,212
147,2026-07-13 09:40:16,7588.25,173,50
147,2026-07-13 09:40:16,7588,20,0
148,2026-07-13 09:40:49,7589,52,100
148,2026-07-13 09:40:49,7588.75,68,50
148,2026-07-13 09:40:49,7588.5,95,73
148,2026-07-13 09:40:49,7588.25,66,18
148,2026-07-13 09:40:49,7588,31,33
148,2026-07-13 09:40:49,7587.75,26,0
148,2026-07-13 09:40:49,7589.25,100,60
148,2026-07-13 09:40:49,7589.5,55,59
148,2026-07-13 09:40:49,7589.75,114,103
148,2026-07-13 09:40:49,7590,154,260
148,2026-07-13 09:40:49,7590.25,77,80
148,2026-07-13 09:40:49,7590.5,75,91
148,2026-07-13 09:40:49,7590.75,4,30
148,2026-07-13 09:40:49,7591,13,11
148,2026-07-13 09:40:49,7591.25,26,21
148,2026-07-13 09:40:49,7591.5,15,40
149,2026-07-13 09:41:28,7591,21,3
149,2026-07-13 09:41:28,7591.25,0,1
149,2026-07-13 09:41:28,7590.75,17,4
149,2026-07-13 09:41:28,7590.5,42,22
149,2026-07-13 09:41:28,7590.25,32,18
149,2026-07-13 09:41:28,7590,17,16
149,2026-07-13 09:41:28,7589.75,46,52
149,2026-07-13 09:41:28,7589.5,79,70
149,2026-07-13 09:41:28,7589.25,45,12
149,2026-07-13 09:41:28,7589,10,3
149,2026-07-13 09:41:28,7588.75,23,27
149,2026-07-13 09:41:28,7588.5,99,184
149,2026-07-13 09:41:28,7588.25,240,211
149,2026-07-13 09:41:28,7588,126,93
149,2026-07-13 09:41:28,7587.75,131,157
149,2026-07-13 09:41:28,7587.5,132,41
149,2026-07-13 09:41:28,7587.25,25,0
150,2026-07-13 09:42:10,7588.25,12,23
150,2026-07-13 09:42:10,7588,35,32
150,2026-07-13 09:42:10,7587.75,78,41
150,2026-07-13 09:42:10,7587.5,32,17
150,2026-07-13 09:42:10,7587.25,40,66
150,2026-07-13 09:42:10,7587,100,30
150,2026-07-13 09:42:10,7586.75,254,192
150,2026-07-13 09:42:10,7586.5,224,208
150,2026-07-13 09:42:10,7586.25,234,98
150,2026-07-13 09:42:10,7586,132,49
150,2026-07-13 09:42:10,7585.75,45,38
150,2026-07-13 09:42:10,7585.5,21,0
151,2026-07-13 09:42:45,7586.75,60,77
151,2026-07-13 09:42:45,7586.5,169,57
151,2026-07-13 09:42:45,7586.25,71,53
151,2026-07-13 09:42:45,7587,0,16
151,2026-07-13 09:42:45,7586,108,24
151,2026-07-13 09:42:45,7585.75,15,49
151,2026-07-13 09:42:45,7585.5,122,205
151,2026-07-13 09:42:45,7585.25,174,116
151,2026-07-13 09:42:45,7585,179,102
151,2026-07-13 09:42:45,7584.75,172,115
151,2026-07-13 09:42:45,7584.5,67,41
151,2026-07-13 09:42:45,7584.25,8,0
152,2026-07-13 09:43:25,7585.25,41,22
152,2026-07-13 09:43:25,7585.5,44,76
152,2026-07-13 09:43:25,7585.75,108,102
152,2026-07-13 09:43:25,7586,142,118
152,2026-07-13 09:43:25,7586.25,12,25
152,2026-07-13 09:43:25,7586.5,0,4
152,2026-07-13 09:43:25,7585,19,1
152,2026-07-13 09:43:25,7584.75,76,77
152,2026-07-13 09:43:25,7584.5,122,89
152,2026-07-13 09:43:25,7584.25,214,124
152,2026-07-13 09:43:25,7584,153,139
152,2026-07-13 09:43:25,7583.75,158,70
152,2026-07-13 09:43:25,7583.5,63,0
153,2026-07-13 09:43:59,7584,252,278
153,2026-07-13 09:43:59,7583.75,168,168
153,2026-07-13 09:43:59,7583.5,155,62
153,2026-07-13 09:43:59,7583.25,105,23
153,2026-07-13 09:43:59,7584.25,227,282
153,2026-07-13 09:43:59,7584.5,66,146
153,2026-07-13 09:43:59,7584.75,18,48
153,2026-07-13 09:43:59,7585,0,3
154,2026-07-13 09:44:29,7584.5,101,72
154,2026-07-13 09:44:29,7584.75,107,154
154,2026-07-13 09:44:29,7585,194,135
154,2026-07-13 09:44:29,7585.25,164,246
154,2026-07-13 09:44:29,7585.5,154,121
154,2026-07-13 09:44:29,7585.75,127,127
154,2026-07-13 09:44:29,7586,87,131
154,2026-07-13 09:44:29,7586.25,0,24
154,2026-07-13 09:44:29,7584.25,32,0
154,2026-07-13 09:44:29,7584,22,2
155,2026-07-13 09:45:05,7584,227,237
155,2026-07-13 09:45:05,7584.25,53,110
155,2026-07-13 09:45:05,7583.75,81,61
155,2026-07-13 09:45:05,7584.5,0,1
155,2026-07-13 09:45:05,7583.5,107,124
155,2026-07-13 09:45:05,7583.25,208,188
155,2026-07-13 09:45:05,7583,170,94
155,2026-07-13 09:45:05,7582.75,131,57
155,2026-07-13 09:45:05,7582.5,107,44
156,2026-07-13 09:45:33,7583.5,24,28
156,2026-07-13 09:45:33,7583.25,61,70
156,2026-07-13 09:45:33,7583,49,50
156,2026-07-13 09:45:33,7582.75,47,35
156,2026-07-13 09:45:33,7583.75,67,77
156,2026-07-13 09:45:33,7584,0,10
156,2026-07-13 09:45:33,7582.5,109,134
156,2026-07-13 09:45:33,7582.25,255,262
156,2026-07-13 09:45:33,7582,217,88
156,2026-07-13 09:45:33,7581.75,88,45
156,2026-07-13 09:45:33,7581.5,101,2
156,2026-07-13 09:45:33,7581.25,21,7
156,2026-07-13 09:45:33,7581,128,25
157,2026-07-13 09:46:03,7581,57,95
157,2026-07-13 09:46:03,7581.25,15,41
157,2026-07-13 09:46:03,7580.75,28,20
157,2026-07-13 09:46:03,7581.5,10,31
157,2026-07-13 09:46:03,7581.75,15,17
157,2026-07-13 09:46:03,7582,40,49
157,2026-07-13 09:46:03,7582.25,88,128
157,2026-07-13 09:46:03,7582.5,136,150
157,2026-07-13 09:46:03,7582.75,146,172
157,2026-07-13 09:46:03,7583,142,104
157,2026-07-13 09:46:03,7583.25,138,139
157,2026-07-13 09:46:03,7583.5,69,109
157,2026-07-13 09:46:03,7583.75,13,45
157,2026-07-13 09:46:03,7584,0,3
158,2026-07-13 09:46:36,7584,88,68
158,2026-07-13 09:46:36,7583.75,45,20
158,2026-07-13 09:46:36,7584.25,80,86
158,2026-07-13 09:46:36,7584.5,27,43
158,2026-07-13 09:46:36,7584.75,19,25
158,2026-07-13 09:46:36,7585,48,91
158,2026-07-13 09:46:36,7585.25,20,42
158,2026-07-13 09:46:36,7585.5,1,4
158,2026-07-13 09:46:36,7585.75,3,22
158,2026-07-13 09:46:36,7586,99,90
158,2026-07-13 09:46:36,7586.25,80,75
158,2026-07-13 09:46:36,7586.5,26,27
158,2026-07-13 09:46:36,7586.75,66,71
158,2026-07-13 09:46:36,7587,51,61
158,2026-07-13 09:46:36,7587.25,87,26
158,2026-07-13 09:46:36,7587.5,122,107
158,2026-07-13 09:46:36,7587.75,96,144
158,2026-07-13 09:46:36,7588,11,29
159,2026-07-13 09:47:04,7588,172,248
159,2026-07-13 09:47:04,7587.75,254,283
159,2026-07-13 09:47:04,7587.5,134,73
159,2026-07-13 09:47:04,7588.25,42,101
159,2026-07-13 09:47:04,7587.25,46,51
159,2026-07-13 09:47:04,7587,43,32
159,2026-07-13 09:47:04,7586.75,72,48
159,2026-07-13 09:47:04,7586.5,34,32
159,2026-07-13 09:47:04,7586.25,30,36
159,2026-07-13 09:47:04,7586,20,28
159,2026-07-13 09:47:04,7588.5,24,52
159,2026-07-13 09:47:04,7588.75,55,52
159,2026-07-13 09:47:04,7589,9,28
160,2026-07-13 09:47:49,7587.75,92,90
160,2026-07-13 09:47:49,7587.5,62,52
160,2026-07-13 09:47:49,7587.25,26,41
160,2026-07-13 09:47:49,7587,2,0
160,2026-07-13 09:47:49,7588,36,53
160,2026-07-13 09:47:49,7588.25,43,62
160,2026-07-13 09:47:49,7588.5,24,17
160,2026-07-13 09:47:49,7588.75,26,18
160,2026-07-13 09:47:49,7589,55,55
160,2026-07-13 09:47:49,7589.25,30,46
160,2026-07-13 09:47:49,7589.5,119,139
160,2026-07-13 09:47:49,7589.75,112,134
160,2026-07-13 09:47:49,7590,133,132
160,2026-07-13 09:47:49,7590.25,110,130
160,2026-07-13 09:47:49,7590.5,30,122
160,2026-07-13 09:47:49,7590.75,0,9
161,2026-07-13 09:48:34,7590.75,83,68
161,2026-07-13 09:48:34,7591,100,176
161,2026-07-13 09:48:34,7590.5,54,46
161,2026-07-13 09:48:34,7590.25,69,48
161,2026-07-13 09:48:34,7590,1,0
161,2026-07-13 09:48:34,7591.25,148,204
161,2026-07-13 09:48:34,7591.5,94,142
161,2026-07-13 09:48:34,7591.75,107,86
161,2026-07-13 09:48:34,7592,98,155
161,2026-07-13 09:48:34,7592.25,93,92
161,2026-07-13 09:48:34,7592.5,36,57
161,2026-07-13 09:48:34,7592.75,16,28
162,2026-07-13 09:49:11,7592.5,99,83
162,2026-07-13 09:49:11,7592.25,127,170
162,2026-07-13 09:49:11,7592,145,116
162,2026-07-13 09:49:11,7592.75,187,200
162,2026-07-13 09:49:11,7593,71,126
162,2026-07-13 09:49:11,7593.25,13,34
162,2026-07-13 09:49:11,7591.75,150,124
162,2026-07-13 09:49:11,7591.5,61,21
162,2026-07-13 09:49:11,7593.5,0,24
162,2026-07-13 09:49:11,7593.75,37,210
163,2026-07-13 09:49:49,7593.75,92,65
163,2026-07-13 09:49:49,7594,103,620
163,2026-07-13 09:49:49,7594.25,74,76
163,2026-07-13 09:49:49,7594.5,118,172
163,2026-07-13 09:49:49,7594.75,114,157
163,2026-07-13 09:49:49,7595,70,78
163,2026-07-13 09:49:49,7595.25,51,41
163,2026-07-13 09:49:49,7595.5,60,79
163,2026-07-13 09:49:49,7595.75,2,30
164,2026-07-13 09:50:05,7594.5,113,76
164,2026-07-13 09:50:05,7594.75,37,61
164,2026-07-13 09:50:05,7594.25,109,140
164,2026-07-13 09:50:05,7594,220,182
164,2026-07-13 09:50:05,7593.75,187,166
164,2026-07-13 09:50:05,7593.5,98,130
164,2026-07-13 09:50:05,7593.25,132,126
164,2026-07-13 09:50:05,7593,119,89
164,2026-07-13 09:50:05,7592.75,12,1
164,2026-07-13 09:50:05,7595,0,2
165,2026-07-13 09:50:50,7594,21,30
165,2026-07-13 09:50:50,7593.75,13,13
165,2026-07-13 09:50:50,7593.5,94,118
165,2026-07-13 09:50:50,7593.25,258,121
165,2026-07-13 09:50:50,7593,622,113
165,2026-07-13 09:50:50,7592.75,53,17
165,2026-07-13 09:50:50,7592.5,40,42
165,2026-07-13 09:50:50,7592.25,47,23
165,2026-07-13 09:50:50,7592,57,27
165,2026-07-13 09:50:50,7591.75,60,57
165,2026-07-13 09:50:50,7591.5,31,11
165,2026-07-13 09:50:50,7591.25,42,28
165,2026-07-13 09:50:50,7591,31,26
165,2026-07-13 09:50:50,7590.75,5,0
166,2026-07-13 09:51:12,7591.25,96,108
166,2026-07-13 09:51:12,7591.5,30,77
166,2026-07-13 09:51:12,7591.75,19,17
166,2026-07-13 09:51:12,7592,18,36
166,2026-07-13 09:51:12,7592.25,37,57
166,2026-07-13 09:51:12,7592.5,81,82
166,2026-07-13 09:51:12,7592.75,159,190
166,2026-07-13 09:51:12,7593,42,51
166,2026-07-13 09:51:12,7593.25,116,112
166,2026-07-13 09:51:12,7593.5,55,39
166,2026-07-13 09:51:12,7593.75,20,15
166,2026-07-13 09:51:12,7594,0,4
166,2026-07-13 09:51:12,7591,168,111
166,2026-07-13 09:51:12,7590.75,129,66
166,2026-07-13 09:51:12,7590.5,44,21
167,2026-07-13 09:52:04,7590.5,61,102
167,2026-07-13 09:52:04,7590.75,75,72
167,2026-07-13 09:52:04,7591,66,56
167,2026-07-13 09:52:04,7591.25,26,51
167,2026-07-13 09:52:04,7591.5,22,26
167,2026-07-13 09:52:04,7591.75,63,69
167,2026-07-13 09:52:04,7592,8,55
167,2026-07-13 09:52:04,7590.25,44,47
167,2026-07-13 09:52:04,7590,29,6
167,2026-07-13 09:52:04,7589.75,48,60
167,2026-07-13 09:52:04,7589.5,69,54
167,2026-07-13 09:52:04,7589.25,44,26
167,2026-07-13 09:52:04,7589,32,22
167,2026-07-13 09:52:04,7588.75,25,12
167,2026-07-13 09:52:04,7588.5,40,44
167,2026-07-13 09:52:04,7588.25,87,90
167,2026-07-13 09:52:04,7588,63,35
167,2026-07-13 09:52:04,7587.75,43,46
167,2026-07-13 09:52:04,7587.5,64,15
167,2026-07-13 09:52:04,7587.25,57,47
167,2026-07-13 09:52:04,7587,71,28
168,2026-07-13 09:52:48,7588,128,163
168,2026-07-13 09:52:48,7587.75,199,165
168,2026-07-13 09:52:48,7588.25,104,114
168,2026-07-13 09:52:48,7588.5,41,59
168,2026-07-13 09:52:48,7588.75,48,74
168,2026-07-13 09:52:48,7589,0,3
168,2026-07-13 09:52:48,7587.5,155,123
168,2026-07-13 09:52:48,7587.25,78,61
168,2026-07-13 09:52:48,7587,90,60
168,2026-07-13 09:52:48,7586.75,59,35
168,2026-07-13 09:52:48,7586.5,25,72
168,2026-07-13 09:52:48,7586.25,74,33
168,2026-07-13 09:52:48,7586,25,12
169,2026-07-13 09:53:49,7588.25,91,155
169,2026-07-13 09:53:49,7588.5,12,23
169,2026-07-13 09:53:49,7588,204,220
169,2026-07-13 09:53:49,7587.75,212,200
169,2026-07-13 09:53:49,7587.5,157,138
169,2026-07-13 09:53:49,7587.25,132,138
169,2026-07-13 09:53:49,7587,100,76
169,2026-07-13 09:53:49,7586.75,82,31
169,2026-07-13 09:53:49,7588.75,7,20
170,2026-07-13 09:55:11,7586.75,32,50
170,2026-07-13 09:55:11,7586.5,41,19
170,2026-07-13 09:55:11,7586.25,1,0
170,2026-07-13 09:55:11,7587,12,9
170,2026-07-13 09:55:11,7587.25,7,14
170,2026-07-13 09:55:11,7587.5,12,17
170,2026-07-13 09:55:11,7587.75,21,11
170,2026-07-13 09:55:11,7588,1,6
170,2026-07-13 09:55:11,7588.25,6,5
170,2026-07-13 09:55:11,7588.5,82,49
170,2026-07-13 09:55:11,7588.75,124,145
170,2026-07-13 09:55:11,7589,110,106
170,2026-07-13 09:55:11,7589.25,72,81
170,2026-07-13 09:55:11,7589.5,75,66
170,2026-07-13 09:55:11,7589.75,74,124
170,2026-07-13 09:55:11,7590,56,73
170,2026-07-13 09:55:11,7590.25,45,43
170,2026-07-13 09:55:11,7590.5,31,60
170,2026-07-13 09:55:11,7590.75,16,20
170,2026-07-13 09:55:11,7591,43,57
170,2026-07-13 09:55:11,7591.25,95,62
170,2026-07-13 09:55:11,7591.5,0,29
171,2026-07-13 09:56:03,7591.5,27,57
171,2026-07-13 09:56:03,7591.25,94,149
171,2026-07-13 09:56:03,7591,93,79
171,2026-07-13 09:56:03,7590.75,74,51
171,2026-07-13 09:56:03,7590.5,44,41
171,2026-07-13 09:56:03,7591.75,7,17
171,2026-07-13 09:56:03,7592,35,52
171,2026-07-13 09:56:03,7592.25,48,55
171,2026-07-13 09:56:03,7592.5,20,66
171,2026-07-13 09:56:03,7592.75,39,36
171,2026-07-13 09:56:03,7593,21,70
171,2026-07-13 09:56:03,7593.25,143,62
171,2026-07-13 09:56:03,7593.5,114,58
171,2026-07-13 09:56:03,7593.75,108,131
171,2026-07-13 09:56:03,7594,27,70
171,2026-07-13 09:56:03,7594.25,37,61
171,2026-07-13 09:56:03,7594.5,0,14
172,2026-07-13 09:56:51,7593.75,149,212
172,2026-07-13 09:56:51,7593.5,144,56
172,2026-07-13 09:56:51,7594,55,539
172,2026-07-13 09:56:51,7594.25,111,107
172,2026-07-13 09:56:51,7594.5,41,100
172,2026-07-13 09:56:51,7594.75,47,59
172,2026-07-13 09:56:51,7595,21,26
172,2026-07-13 09:56:51,7593.25,62,30
172,2026-07-13 09:56:51,7593,21,1
172,2026-07-13 09:56:51,7592.75,40,31
172,2026-07-13 09:56:51,7592.5,32,31
172,2026-07-13 09:56:51,7592.25,8,25
172,2026-07-13 09:56:51,7592,45,7
173,2026-07-13 09:57:31,7592.5,17,21
173,2026-07-13 09:57:31,7592.25,12,2
173,2026-07-13 09:57:31,7592.75,21,16
173,2026-07-13 09:57:31,7593,43,57
173,2026-07-13 09:57:31,7593.25,34,48
173,2026-07-13 09:57:31,7593.5,46,32
173,2026-07-13 09:57:31,7593.75,33,38
173,2026-07-13 09:57:31,7594,198,159
173,2026-07-13 09:57:31,7594.25,263,225
173,2026-07-13 09:57:31,7594.5,203,232
173,2026-07-13 09:57:31,7594.75,60,83
173,2026-07-13 09:57:31,7595,42,60
173,2026-07-13 09:57:31,7595.25,24,31
174,2026-07-13 09:58:58,7594.5,67,62
174,2026-07-13 09:58:58,7594.25,23,26
174,2026-07-13 09:58:58,7594,35,30
174,2026-07-13 09:58:58,7593.75,19,14
174,2026-07-13 09:58:58,7593.5,3,0
174,2026-07-13 09:58:58,7594.75,88,73
174,2026-07-13 09:58:58,7595,159,121
174,2026-07-13 09:58:58,7595.25,131,163
174,2026-07-13 09:58:58,7595.5,26,87
174,2026-07-13 09:58:58,7595.75,9,24
174,2026-07-13 09:58:58,7596,33,88
174,2026-07-13 09:58:58,7596.25,5,29
174,2026-07-13 09:58:58,7596.5,23,32
174,2026-07-13 09:58:58,7596.75,11,29
174,2026-07-13 09:58:58,7597,1,22
174,2026-07-13 09:58:58,7597.25,96,102
174,2026-07-13 09:58:58,7597.5,35,97
174,2026-07-13 09:58:58,7597.75,21,43
174,2026-07-13 09:58:58,7598,9,66
174,2026-07-13 09:58:58,7598.25,11,25
174,2026-07-13 09:58:58,7598.5,4,16
174,2026-07-13 09:58:58,7598.75,10,17
174,2026-07-13 09:58:58,7599,0,15
175,2026-07-13 09:59:54,7598.75,50,78
175,2026-07-13 09:59:54,7599,135,98
175,2026-07-13 09:59:54,7598.5,51,71
175,2026-07-13 09:59:54,7598.25,75,82
175,2026-07-13 09:59:54,7598,16,35
175,2026-07-13 09:59:54,7599.25,191,266
175,2026-07-13 09:59:54,7599.5,124,134
175,2026-07-13 09:59:54,7599.75,46,93
175,2026-07-13 09:59:54,7600,40,40
175,2026-07-13 09:59:54,7600.25,48,62
175,2026-07-13 09:59:54,7600.5,24,9
175,2026-07-13 09:59:54,7600.75,13,91
175,2026-07-13 09:59:54,7601,51,72
175,2026-07-13 09:59:54,7601.25,0,5
176,2026-07-13 10:00:10,7601,38,55
176,2026-07-13 10:00:10,7600.75,54,25
176,2026-07-13 10:00:10,7601.25,0,11
176,2026-07-13 10:00:10,7600.5,17,12
176,2026-07-13 10:00:10,7600.25,66,94
176,2026-07-13 10:00:10,7600,127,150
176,2026-07-13 10:00:10,7599.75,164,146
176,2026-07-13 10:00:10,7599.5,114,62
176,2026-07-13 10:00:10,7599.25,34,34
176,2026-07-13 10:00:10,7599,41,39
176,2026-07-13 10:00:10,7598.75,17,38
176,2026-07-13 10:00:10,7598.5,116,157
176,2026-07-13 10:00:10,7598.25,147,70
176,2026-07-13 10:00:10,7598,87,58
176,2026-07-13 10:00:10,7597.75,26,0
177,2026-07-13 10:00:38,7600,161,244
177,2026-07-13 10:00:38,7600.25,83,98
177,2026-07-13 10:00:38,7599.75,112,95
177,2026-07-13 10:00:38,7599.5,60,16
177,2026-07-13 10:00:38,7600.5,163,128
177,2026-07-13 10:00:38,7600.75,180,229
177,2026-07-13 10:00:38,7601,70,91
177,2026-07-13 10:00:38,7601.25,79,77
177,2026-07-13 10:00:38,7601.5,17,93
177,2026-07-13 10:00:38,7601.75,0,5
178,2026-07-13 10:01:16,7600.75,144,142
178,2026-07-13 10:01:16,7601,32,69
178,2026-07-13 10:01:16,7600.5,147,131
178,2026-07-13 10:01:16,7600.25,132,150
178,2026-07-13 10:01:16,7600,236,224
178,2026-07-13 10:01:16,7599.75,71,70
178,2026-07-13 10:01:16,7601.25,0,6
178,2026-07-13 10:01:16,7599.5,119,98
178,2026-07-13 10:01:16,7599.25,90,40
178,2026-07-13 10:01:16,7599,41,42
178,2026-07-13 10:01:16,7598.75,16,0
179,2026-07-13 10:02:05,7599.5,63,55
179,2026-07-13 10:02:05,7599.75,22,52
179,2026-07-13 10:02:05,7600,0,10
179,2026-07-13 10:02:05,7599.25,135,169
179,2026-07-13 10:02:05,7599,111,71
179,2026-07-13 10:02:05,7598.75,131,56
179,2026-07-13 10:02:05,7598.5,110,82
179,2026-07-13 10:02:05,7598.25,149,113
179,2026-07-13 10:02:05,7598,96,12
179,2026-07-13 10:02:05,7597.75,98,77
179,2026-07-13 10:02:05,7597.5,128,172
179,2026-07-13 10:02:05,7597.25,67,17
179,2026-07-13 10:02:05,7597,4,0
180,2026-07-13 10:02:53,7597.25,128,177
180,2026-07-13 10:02:53,7597.5,166,121
180,2026-07-13 10:02:53,7597.75,48,82
180,2026-07-13 10:02:53,7598,61,52
180,2026-07-13 10:02:53,7598.25,29,66
180,2026-07-13 10:02:53,7598.5,0,5
180,2026-07-13 10:02:53,7597,166,107
180,2026-07-13 10:02:53,7596.75,72,105
180,2026-07-13 10:02:53,7596.5,187,163
180,2026-07-13 10:02:53,7596.25,119,95
180,2026-07-13 10:02:53,7596,30,13
180,2026-07-13 10:02:53,7595.75,8,0
181,2026-07-13 10:03:59,7597.5,47,74
181,2026-07-13 10:03:59,7597.25,65,18
181,2026-07-13 10:03:59,7597.75,35,36
181,2026-07-13 10:03:59,7598,18,34
181,2026-07-13 10:03:59,7598.25,25,32
181,2026-07-13 10:03:59,7598.5,15,24
181,2026-07-13 10:03:59,7598.75,0,2
181,2026-07-13 10:03:59,7597,10,0
181,2026-07-13 10:03:59,7596.75,9,9
181,2026-07-13 10:03:59,7596.5,11,1
181,2026-07-13 10:03:59,7596.25,47,19
181,2026-07-13 10:03:59,7596,47,37
