BarIdx,BarTime,Price,BidVol,AskVol,BidVolLarge,AskVolLarge
0,2026-07-16 17:00:00,7572.75,97,117,21,73
0,2026-07-16 17:00:00,7572,56,88,0,0
0,2026-07-16 17:00:00,7572.25,54,37,0,0
0,2026-07-16 17:00:00,7572.5,61,55,0,11
0,2026-07-16 17:00:00,7573,97,97,0,0
0,2026-07-16 17:00:00,7573.25,101,85,0,0
0,2026-07-16 17:00:00,7573.5,32,72,0,0
0,2026-07-16 17:00:00,7573.75,47,57,0,0
0,2026-07-16 17:00:00,7574,46,49,0,0
0,2026-07-16 17:00:00,7574.25,40,48,0,0
0,2026-07-16 17:00:00,7574.5,15,25,0,0
0,2026-07-16 17:00:00,7574.75,2,13,0,0
0,2026-07-16 17:00:00,7575,0,3,0,0
0,2026-07-16 17:00:00,7571.75,50,99,0,0
0,2026-07-16 17:00:00,7571.5,84,48,25,0
0,2026-07-16 17:00:00,7571.25,34,28,0,0
0,2026-07-16 17:00:00,7571,53,15,0,0
0,2026-07-16 17:00:00,7570.75,69,31,0,0
0,2026-07-16 17:00:00,7570.5,38,59,0,0
0,2026-07-16 17:00:00,7570.25,21,21,0,0
0,2026-07-16 17:00:00,7570,34,34,0,0
0,2026-07-16 17:00:00,7569.75,39,35,0,0
0,2026-07-16 17:00:00,7569.5,71,29,20,0
0,2026-07-16 17:00:00,7569.25,26,45,0,0
0,2026-07-16 17:00:00,7569,69,39,17,0
0,2026-07-16 17:00:00,7568.75,30,47,0,0
0,2026-07-16 17:00:00,7568.5,45,62,0,0
0,2026-07-16 17:00:00,7568.25,54,87,0,0
0,2026-07-16 17:00:00,7568,128,160,12,0
0,2026-07-16 17:00:00,7567.75,116,165,0,0
0,2026-07-16 17:00:00,7567.5,135,125,0,0
0,2026-07-16 17:00:00,7567.25,92,105,0,11
0,2026-07-16 17:00:00,7567,121,101,19,0
0,2026-07-16 17:00:00,7566.75,91,109,0,0
0,2026-07-16 17:00:00,7566.5,144,124,12,44
0,2026-07-16 17:00:00,7566.25,140,100,0,0
0,2026-07-16 17:00:00,7566,184,174,10,10
0,2026-07-16 17:00:00,7565.75,115,130,0,0
0,2026-07-16 17:00:00,7565.5,148,145,28,0
0,2026-07-16 17:00:00,7565.25,121,89,0,0
0,2026-07-16 17:00:00,7565,294,11,104,0
0,2026-07-16 17:00:00,7564.75,73,15,0,0
0,2026-07-16 17:00:00,7564.5,38,41,0,0
0,2026-07-16 17:00:00,7564.25,71,54,0,0
0,2026-07-16 17:00:00,7564,43,7,0,0
1,2026-07-16 17:56:21,7564,65,65,11,0
1,2026-07-16 17:56:21,7563.75,86,62,0,0
1,2026-07-16 17:56:21,7564.25,85,62,0,0
1,2026-07-16 17:56:21,7564.5,98,105,0,12
1,2026-07-16 17:56:21,7564.75,46,70,0,0
1,2026-07-16 17:56:21,7565,72,112,0,12
1,2026-07-16 17:56:21,7565.25,54,40,0,0
1,2026-07-16 17:56:21,7565.5,25,56,0,0
1,2026-07-16 17:56:21,7565.75,48,23,0,0
1,2026-07-16 17:56:21,7566,54,42,0,0
1,2026-07-16 17:56:21,7566.25,53,54,0,0
1,2026-07-16 17:56:21,7566.5,18,45,0,0
1,2026-07-16 17:56:21,7563.5,75,76,0,0
1,2026-07-16 17:56:21,7566.75,11,13,0,0
1,2026-07-16 17:56:21,7567,0,14,0,0
1,2026-07-16 17:56:21,7563.25,84,50,0,0
1,2026-07-16 17:56:21,7563,93,52,0,0
1,2026-07-16 17:56:21,7562.75,84,99,0,0
1,2026-07-16 17:56:21,7562.5,139,215,0,34
1,2026-07-16 17:56:21,7562.25,145,141,0,0
1,2026-07-16 17:56:21,7562,155,165,0,33
1,2026-07-16 17:56:21,7561.75,72,82,0,0
1,2026-07-16 17:56:21,7561.5,121,107,0,0
1,2026-07-16 17:56:21,7561.25,95,92,0,14
1,2026-07-16 17:56:21,7561,91,125,0,0
1,2026-07-16 17:56:21,7560.75,58,49,0,0
1,2026-07-16 17:56:21,7560.5,84,74,0,0
1,2026-07-16 17:56:21,7560.25,126,173,0,11
1,2026-07-16 17:56:21,7560,155,161,0,0
1,2026-07-16 17:56:21,7559.75,295,183,11,0
1,2026-07-16 17:56:21,7559.5,112,84,0,0
1,2026-07-16 17:56:21,7559.25,65,79,0,0
1,2026-07-16 17:56:21,7559,91,79,0,0
1,2026-07-16 17:56:21,7558.75,90,87,0,0
1,2026-07-16 17:56:21,7558.5,39,25,0,0
1,2026-07-16 17:56:21,7558.25,52,35,13,0
1,2026-07-16 17:56:21,7558,70,56,0,0
1,2026-07-16 17:56:21,7557.75,107,86,0,0
1,2026-07-16 17:56:21,7557.5,23,21,0,0
1,2026-07-16 17:56:21,7557.25,34,17,0,0
1,2026-07-16 17:56:21,7557,45,10,0,0
2,2026-07-16 19:00:46,7563,33,12,0,0
2,2026-07-16 19:00:46,7563.25,9,27,0,0
2,2026-07-16 19:00:46,7563.5,2,14,0,0
2,2026-07-16 19:00:46,7562.75,24,7,0,0
2,2026-07-16 19:00:46,7562.5,34,27,0,0
2,2026-07-16 19:00:46,7562.25,32,27,0,0
2,2026-07-16 19:00:46,7562,34,23,0,0
2,2026-07-16 19:00:46,7561.5,24,17,0,0
2,2026-07-16 19:00:46,7561.75,8,10,0,0
2,2026-07-16 19:00:46,7561.25,5,4,0,0
2,2026-07-16 19:00:46,7561,18,18,0,0
2,2026-07-16 19:00:46,7560.75,9,21,0,0
2,2026-07-16 19:00:46,7560.5,18,7,0,0
2,2026-07-16 19:00:46,7560.25,5,10,0,0
2,2026-07-16 19:00:46,7560,11,6,0,0
2,2026-07-16 19:00:46,7559.75,6,3,0,0
2,2026-07-16 19:00:46,7559.5,6,3,0,0
2,2026-07-16 19:00:46,7559.25,4,0,0,0
2,2026-07-16 19:00:46,7559,6,10,0,0
2,2026-07-16 19:00:46,7558.75,13,19,0,0
2,2026-07-16 19:00:46,7558.5,49,22,20,0
2,2026-07-16 19:00:46,7558.25,19,20,0,0
2,2026-07-16 19:00:46,7558,17,22,0,0
2,2026-07-16 19:00:46,7557.75,14,29,0,0
2,2026-07-16 19:00:46,7557.5,32,39,0,0
2,2026-07-16 19:00:46,7557.25,22,81,0,0
2,2026-07-16 19:00:46,7557,54,79,0,10
2,2026-07-16 19:00:46,7556.75,59,90,0,0
2,2026-07-16 19:00:46,7556.5,109,120,0,0
2,2026-07-16 19:00:46,7556.25,150,112,0,0
2,2026-07-16 19:00:46,7556,142,129,0,30
2,2026-07-16 19:00:46,7555.75,102,69,0,0
2,2026-07-16 19:00:46,7555.5,83,94,0,0
2,2026-07-16 19:00:46,7555.25,112,89,0,0
2,2026-07-16 19:00:46,7555,125,90,10,0
2,2026-07-16 19:00:46,7554.75,79,120,0,0
2,2026-07-16 19:00:46,7554.5,87,85,0,0
2,2026-07-16 19:00:46,7554.25,139,195,10,74
2,2026-07-16 19:00:46,7554,154,145,0,0
2,2026-07-16 19:00:46,7553.75,125,101,0,0
2,2026-07-16 19:00:46,7553.5,98,134,0,0
2,2026-07-16 19:00:46,7553.25,158,162,0,0
2,2026-07-16 19:00:46,7553,222,238,0,15
2,2026-07-16 19:00:46,7552.75,144,126,0,0
2,2026-07-16 19:00:46,7552.5,167,110,0,0
2,2026-07-16 19:00:46,7552.25,110,67,0,0
2,2026-07-16 19:00:46,7552,102,71,0,0
2,2026-07-16 19:00:46,7551.75,61,54,0,0
2,2026-07-16 19:00:46,7551.5,82,35,0,0
2,2026-07-16 19:00:46,7551.25,74,30,0,0
2,2026-07-16 19:00:46,7551,56,16,0,0
2,2026-07-16 19:00:46,7550.75,45,30,0,0
2,2026-07-16 19:00:46,7550.5,40,28,0,0
2,2026-07-16 19:00:46,7550.25,29,8,0,0
2,2026-07-16 19:00:46,7550,33,0,16,0
3,2026-07-16 19:29:30,7550,123,175,0,32
3,2026-07-16 19:29:30,7549.75,144,101,0,0
3,2026-07-16 19:29:30,7549.5,197,241,0,0
3,2026-07-16 19:29:30,7550.25,75,127,0,10
3,2026-07-16 19:29:30,7550.5,45,82,0,10
3,2026-07-16 19:29:30,7549.25,168,133,0,0
3,2026-07-16 19:29:30,7549,164,171,0,0
3,2026-07-16 19:29:30,7548.75,242,137,38,0
3,2026-07-16 19:29:30,7548.5,237,234,0,12
3,2026-07-16 19:29:30,7548.25,244,232,0,0
3,2026-07-16 19:29:30,7548,229,183,27,0
3,2026-07-16 19:29:30,7547.75,121,102,0,0
3,2026-07-16 19:29:30,7550.75,10,41,0,0
3,2026-07-16 19:29:30,7551,3,20,0,0
3,2026-07-16 19:29:30,7547.5,90,71,0,0
3,2026-07-16 19:29:30,7547.25,122,47,0,0
3,2026-07-16 19:29:30,7547,141,50,97,0
3,2026-07-16 19:29:30,7546.75,33,34,0,0
3,2026-07-16 19:29:30,7546.5,27,36,0,0
3,2026-07-16 19:29:30,7546.25,15,6,0,0
3,2026-07-16 19:29:30,7546,4,0,0,0
3,2026-07-16 19:29:30,7551.25,7,22,0,0
3,2026-07-16 19:29:30,7551.5,27,43,0,0
3,2026-07-16 19:29:30,7551.75,33,46,0,0
3,2026-07-16 19:29:30,7552,63,61,0,0
3,2026-07-16 19:29:30,7552.25,105,106,0,0
3,2026-07-16 19:29:30,7552.5,111,63,0,0
3,2026-07-16 19:29:30,7552.75,90,95,0,0
3,2026-07-16 19:29:30,7553,87,126,0,0
3,2026-07-16 19:29:30,7553.25,54,89,0,0
3,2026-07-16 19:29:30,7553.5,8,48,0,0
3,2026-07-16 19:29:30,7553.75,32,14,0,0
3,2026-07-16 19:29:30,7554,36,53,0,0
3,2026-07-16 19:29:30,7554.25,53,75,0,0
3,2026-07-16 19:29:30,7554.5,40,63,0,0
3,2026-07-16 19:29:30,7554.75,17,52,0,0
3,2026-07-16 19:29:30,7555,23,26,0,0
3,2026-07-16 19:29:30,7555.25,37,32,0,0
3,2026-07-16 19:29:30,7555.5,0,6,0,0
4,2026-07-16 20:00:29,7552.25,28,20,0,0
4,2026-07-16 20:00:29,7552,39,31,0,0
4,2026-07-16 20:00:29,7551.75,35,18,0,0
4,2026-07-16 20:00:29,7551.5,35,18,0,0
4,2026-07-16 20:00:29,7552.5,33,35,0,0
4,2026-07-16 20:00:29,7552.75,20,20,0,0
4,2026-07-16 20:00:29,7553,18,26,0,0
4,2026-07-16 20:00:29,7553.25,19,22,0,0
4,2026-07-16 20:00:29,7553.5,27,11,0,0
4,2026-07-16 20:00:29,7553.75,50,31,0,0
4,2026-07-16 20:00:29,7554,36,73,0,0
4,2026-07-16 20:00:29,7554.25,8,22,0,0
4,2026-07-16 20:00:29,7554.5,27,31,0,0
4,2026-07-16 20:00:29,7554.75,34,25,0,0
4,2026-07-16 20:00:29,7555,14,27,0,0
4,2026-07-16 20:00:29,7555.25,47,21,0,0
4,2026-07-16 20:00:29,7555.5,70,53,0,0
4,2026-07-16 20:00:29,7555.75,26,46,0,0
4,2026-07-16 20:00:29,7556,9,31,0,0
4,2026-07-16 20:00:29,7551.25,14,18,0,0
4,2026-07-16 20:00:29,7551,33,28,0,0
4,2026-07-16 20:00:29,7550.75,10,8,0,0
4,2026-07-16 20:00:29,7550.5,26,16,0,0
4,2026-07-16 20:00:29,7550.25,34,19,0,0
4,2026-07-16 20:00:29,7550,45,37,11,0
4,2026-07-16 20:00:29,7549.75,40,27,0,0
4,2026-07-16 20:00:29,7549.5,55,30,0,0
4,2026-07-16 20:00:29,7549.25,35,32,0,0
4,2026-07-16 20:00:29,7549,52,78,0,12
4,2026-07-16 20:00:29,7548.75,79,73,16,0
4,2026-07-16 20:00:29,7548.5,63,99,0,0
4,2026-07-16 20:00:29,7548.25,125,146,14,0
4,2026-07-16 20:00:29,7548,163,164,0,0
4,2026-07-16 20:00:29,7547.75,155,130,15,0
4,2026-07-16 20:00:29,7547.5,162,147,0,0
4,2026-07-16 20:00:29,7547.25,133,111,0,0
4,2026-07-16 20:00:29,7547,115,117,0,0
4,2026-07-16 20:00:29,7546.75,114,106,0,10
4,2026-07-16 20:00:29,7546.5,207,180,10,10
4,2026-07-16 20:00:29,7546.25,138,111,0,0
4,2026-07-16 20:00:29,7546,126,120,0,0
4,2026-07-16 20:00:29,7545.75,176,173,20,0
4,2026-07-16 20:00:29,7545.5,100,66,0,0
4,2026-07-16 20:00:29,7545.25,134,120,0,15
4,2026-07-16 20:00:29,7545,200,134,0,0
4,2026-07-16 20:00:29,7544.75,72,59,0,0
4,2026-07-16 20:00:29,7544.5,71,59,0,0
4,2026-07-16 20:00:29,7544.25,48,47,0,0
4,2026-07-16 20:00:29,7544,59,49,0,0
4,2026-07-16 20:00:29,7543.75,48,14,0,0
4,2026-07-16 20:00:29,7543.5,14,0,0,0
5,2026-07-16 20:30:12,7547.75,0,1,0,0
5,2026-07-16 20:30:12,7547.5,3,0,0,0
5,2026-07-16 20:30:12,7547.25,2,1,0,0
5,2026-07-16 20:30:12,7547,4,2,0,0
5,2026-07-16 20:30:12,7546.75,16,20,0,0
5,2026-07-16 20:30:12,7546.5,21,18,0,0
5,2026-07-16 20:30:12,7546.25,13,22,0,0
5,2026-07-16 20:30:12,7546,22,23,0,0
5,2026-07-16 20:30:12,7545.75,26,29,0,0
5,2026-07-16 20:30:12,7545.5,32,13,0,0
5,2026-07-16 20:30:12,7545.25,61,42,0,0
5,2026-07-16 20:30:12,7545,74,88,0,0
5,2026-07-16 20:30:12,7544.75,64,30,0,0
5,2026-07-16 20:30:12,7544.5,53,35,0,0
5,2026-07-16 20:30:12,7544.25,63,12,0,0
5,2026-07-16 20:30:12,7544,22,77,0,55
5,2026-07-16 20:30:12,7543.75,10,0,0,0
5,2026-07-16 20:30:12,7543.5,18,8,0,0
5,2026-07-16 20:30:12,7543.25,24,20,0,0
5,2026-07-16 20:30:12,7543,78,81,18,0
5,2026-07-16 20:30:12,7542.75,86,63,0,0
5,2026-07-16 20:30:12,7542.5,126,123,20,24
5,2026-07-16 20:30:12,7542.25,68,70,0,0
5,2026-07-16 20:30:12,7542,65,113,0,0
5,2026-07-16 20:30:12,7541.75,95,76,0,0
5,2026-07-16 20:30:12,7541.5,103,30,0,0
5,2026-07-16 20:30:12,7541.25,76,47,0,0
5,2026-07-16 20:30:12,7541,79,93,0,58
5,2026-07-16 20:30:12,7540.75,64,24,0,0
5,2026-07-16 20:30:12,7540.5,80,103,0,66
5,2026-07-16 20:30:12,7540.25,56,13,0,0
5,2026-07-16 20:30:12,7540,47,0,0,0
5,2026-07-16 20:30:12,7513.75,80,83,0,0
5,2026-07-16 20:30:12,7514,102,95,0,0
5,2026-07-16 20:30:12,7514.25,43,61,0,0
5,2026-07-16 20:30:12,7514.5,26,20,0,0
5,2026-07-16 20:30:12,7513.5,62,92,0,0
5,2026-07-16 20:30:12,7513.25,125,156,0,15
5,2026-07-16 20:30:12,7512.75,292,254,0,0
5,2026-07-16 20:30:12,7513,197,201,0,0
5,2026-07-16 20:30:12,7512.5,264,230,67,10
5,2026-07-16 20:30:12,7512.25,190,136,10,0
5,2026-07-16 20:30:12,7512,125,78,0,0
5,2026-07-16 20:30:12,7511.75,88,37,0,0
5,2026-07-16 20:30:12,7514.75,31,20,0,0
5,2026-07-16 20:30:12,7515,26,29,0,0
5,2026-07-16 20:30:12,7515.25,30,30,0,0
5,2026-07-16 20:30:12,7515.5,17,22,0,0
5,2026-07-16 20:30:12,7515.75,0,16,0,0
5,2026-07-16 20:30:12,7516,0,2,0,0
5,2026-07-16 20:30:12,7511.5,79,49,20,10
5,2026-07-16 20:30:12,7511.25,39,34,0,0
5,2026-07-16 20:30:12,7511,37,19,0,0
5,2026-07-16 20:30:12,7510.75,41,23,12,0
5,2026-07-16 20:30:12,7510.5,10,12,0,0
5,2026-07-16 20:30:12,7510.25,29,10,0,0
5,2026-07-16 20:30:12,7510,26,4,0,0
6,2026-07-17 00:19:36,7513.75,14,16,0,0
6,2026-07-17 00:19:36,7514,2,12,0,0
6,2026-07-17 00:19:36,7513.5,33,21,0,0
6,2026-07-17 00:19:36,7513.25,28,39,0,0
6,2026-07-17 00:19:36,7513,49,48,0,0
6,2026-07-17 00:19:36,7512.75,46,51,0,0
6,2026-07-17 00:19:36,7512.5,83,95,0,0
6,2026-07-17 00:19:36,7512.25,109,92,0,0
6,2026-07-17 00:19:36,7512,131,122,0,0
6,2026-07-17 00:19:36,7511.75,90,109,0,0
6,2026-07-17 00:19:36,7511.5,85,102,0,0
6,2026-07-17 00:19:36,7511.25,96,103,0,0
6,2026-07-17 00:19:36,7511,156,78,0,0
6,2026-07-17 00:19:36,7510.75,47,23,0,0
6,2026-07-17 00:19:36,7514.25,0,1,0,0
6,2026-07-17 00:19:36,7510.5,9,1,0,0
6,2026-07-17 00:19:36,7510.25,7,2,0,0
6,2026-07-17 00:19:36,7510,18,6,0,0
6,2026-07-17 00:19:36,7509.75,15,10,0,0
6,2026-07-17 00:19:36,7509.5,22,40,0,0
6,2026-07-17 00:19:36,7509.25,42,59,0,0
6,2026-07-17 00:19:36,7509,73,85,0,0
6,2026-07-17 00:19:36,7508.75,45,59,0,0
6,2026-07-17 00:19:36,7508.5,67,166,0,63
6,2026-07-17 00:19:36,7508.25,58,78,0,0
6,2026-07-17 00:19:36,7508,106,89,16,0
6,2026-07-17 00:19:36,7507.75,61,49,0,0
6,2026-07-17 00:19:36,7507.5,49,36,0,0
6,2026-07-17 00:19:36,7507.25,56,38,15,0
6,2026-07-17 00:19:36,7507,72,55,0,0
6,2026-07-17 00:19:36,7506.75,68,91,0,0
6,2026-07-17 00:19:36,7506.5,106,132,0,0
6,2026-07-17 00:19:36,7506.25,114,225,0,0
6,2026-07-17 00:19:36,7506,219,225,0,25
6,2026-07-17 00:19:36,7505.75,188,309,0,0
6,2026-07-17 00:19:36,7505.5,273,213,20,32
6,2026-07-17 00:19:36,7505.25,156,74,39,0
6,2026-07-17 00:19:36,7505,151,16,66,0
6,2026-07-17 00:19:36,7504.75,12,20,0,0
6,2026-07-17 00:19:36,7504.5,25,30,0,0
6,2026-07-17 00:19:36,7504.25,18,47,0,0
6,2026-07-17 00:19:36,7504,83,79,0,0
6,2026-07-17 00:19:36,7503.75,64,44,0,0
6,2026-07-17 00:19:36,7503.5,55,55,0,16
6,2026-07-17 00:19:36,7503.25,52,1,0,0
6,2026-07-17 00:19:36,7503,1,0,0,0
7,2026-07-17 00:48:48,7508.25,17,27,0,0
7,2026-07-17 00:48:48,7508.5,45,99,0,0
7,2026-07-17 00:48:48,7508.75,103,108,0,0
7,2026-07-17 00:48:48,7509,227,155,67,0
7,2026-07-17 00:48:48,7509.25,472,193,364,0
7,2026-07-17 00:48:48,7509.5,347,154,120,10
7,2026-07-17 00:48:48,7509.75,134,142,0,0
7,2026-07-17 00:48:48,7510,164,133,18,0
7,2026-07-17 00:48:48,7510.25,177,178,0,0
7,2026-07-17 00:48:48,7510.5,165,195,22,0
7,2026-07-17 00:48:48,7510.75,85,118,0,0
7,2026-07-17 00:48:48,7511,207,176,85,50
7,2026-07-17 00:48:48,7511.25,154,136,18,0
7,2026-07-17 00:48:48,7511.5,174,105,63,0
7,2026-07-17 00:48:48,7508,24,13,0,0
7,2026-07-17 00:48:48,7507.75,2,0,0,0
7,2026-07-17 00:48:48,7511.75,55,49,0,0
7,2026-07-17 00:48:48,7512,86,56,0,0
7,2026-07-17 00:48:48,7512.25,64,91,0,0
7,2026-07-17 00:48:48,7512.5,40,58,0,0
7,2026-07-17 00:48:48,7512.75,33,64,0,0
7,2026-07-17 00:48:48,7513,63,78,0,0
7,2026-07-17 00:48:48,7513.25,78,69,0,0
7,2026-07-17 00:48:48,7513.5,108,97,30,0
7,2026-07-17 00:48:48,7513.75,79,76,0,0
7,2026-07-17 00:48:48,7514,157,121,24,0
7,2026-07-17 00:48:48,7514.25,125,73,10,0
7,2026-07-17 00:48:48,7514.5,105,106,24,0
7,2026-07-17 00:48:48,7514.75,45,59,0,0
7,2026-07-17 00:48:48,7515,11,22,0,0
7,2026-07-17 00:48:48,7515.25,0,3,0,0
8,2026-07-17 01:10:13,7510,4,14,0,0
8,2026-07-17 01:10:13,7509.75,18,33,0,0
8,2026-07-17 01:10:13,7509.5,28,13,0,0
8,2026-07-17 01:10:13,7509.25,8,7,0,0
8,2026-07-17 01:10:13,7510.25,0,8,0,0
8,2026-07-17 01:10:13,7510.5,13,5,0,0
8,2026-07-17 01:10:13,7510.75,11,6,0,0
8,2026-07-17 01:10:13,7511,0,19,0,0
8,2026-07-17 01:10:13,7511.25,3,1,0,0
8,2026-07-17 01:10:13,7511.5,1,2,0,0
8,2026-07-17 01:10:13,7511.75,18,9,0,0
8,2026-07-17 01:10:13,7512,9,5,0,0
8,2026-07-17 01:10:13,7512.25,7,6,0,0
8,2026-07-17 01:10:13,7512.75,7,10,0,0
8,2026-07-17 01:10:13,7513,9,8,0,0
8,2026-07-17 01:10:13,7513.25,19,12,0,0
8,2026-07-17 01:10:13,7513.5,36,26,0,0
8,2026-07-17 01:10:13,7513.75,91,57,11,17
8,2026-07-17 01:10:13,7514,76,60,0,16
8,2026-07-17 01:10:13,7514.25,66,56,0,0
8,2026-07-17 01:10:13,7514.5,47,39,0,0
8,2026-07-17 01:10:13,7514.75,78,72,0,0
8,2026-07-17 01:10:13,7515,135,103,0,0
8,2026-07-17 01:10:13,7515.25,59,78,0,0
8,2026-07-17 01:10:13,7515.5,50,62,0,0
8,2026-07-17 01:10:13,7515.75,29,24,0,0
8,2026-07-17 01:10:13,7516,11,22,0,0
8,2026-07-17 01:10:13,7516.25,35,96,0,14
8,2026-07-17 01:10:13,7516.5,37,51,0,0
8,2026-07-17 01:10:13,7516.75,96,70,41,0
8,2026-07-17 01:10:13,7517,45,50,0,0
8,2026-07-17 01:10:13,7517.25,116,98,0,0
8,2026-07-17 01:10:13,7517.5,117,129,10,0
8,2026-07-17 01:10:13,7517.75,52,77,0,26
8,2026-07-17 01:10:13,7518,56,38,0,0
8,2026-07-17 01:10:13,7518.25,128,82,10,11
8,2026-07-17 01:10:13,7518.5,125,111,0,10
8,2026-07-17 01:10:13,7518.75,148,88,39,11
8,2026-07-17 01:10:13,7519,103,75,49,0
8,2026-07-17 01:10:13,7519.25,22,37,0,0
8,2026-07-17 01:10:13,7519.5,11,8,0,0
8,2026-07-17 01:10:13,7519.75,31,35,0,0
8,2026-07-17 01:10:13,7520,93,74,0,0
8,2026-07-17 01:10:13,7520.25,82,66,16,0
8,2026-07-17 01:10:13,7520.5,50,48,0,0
8,2026-07-17 01:10:13,7520.75,73,84,0,0
8,2026-07-17 01:10:13,7521,55,59,0,0
8,2026-07-17 01:10:13,7521.25,52,31,0,0
8,2026-07-17 01:10:13,7521.5,105,78,0,0
8,2026-07-17 01:10:13,7521.75,80,81,0,0
8,2026-07-17 01:10:13,7522,114,110,0,0
8,2026-07-17 01:10:13,7522.25,136,109,0,0
8,2026-07-17 01:10:13,7522.5,244,236,0,47
8,2026-07-17 01:10:13,7522.75,176,229,32,19
8,2026-07-17 01:10:13,7523,116,106,31,0
8,2026-07-17 01:10:13,7523.25,23,29,0,0
8,2026-07-17 01:10:13,7523.5,0,4,0,0
9,2026-07-17 01:35:13,7522.25,6,20,0,0
9,2026-07-17 01:35:13,7522,29,17,0,0
9,2026-07-17 01:35:13,7521.75,20,30,0,10
9,2026-07-17 01:35:13,7521.5,37,25,0,0
9,2026-07-17 01:35:13,7521.25,35,38,0,0
9,2026-07-17 01:35:13,7521,44,32,0,0
9,2026-07-17 01:35:13,7520.75,27,5,0,0
9,2026-07-17 01:35:13,7520.5,23,26,0,0
9,2026-07-17 01:35:13,7520.25,15,8,0,0
9,2026-07-17 01:35:13,7520,57,37,0,0
9,2026-07-17 01:35:13,7519.75,18,4,0,0
9,2026-07-17 01:35:13,7519.5,7,0,0,0
9,2026-07-17 01:35:13,7519.25,7,2,0,0
9,2026-07-17 01:35:13,7519,12,5,0,0
9,2026-07-17 01:35:13,7518.75,28,33,0,0
9,2026-07-17 01:35:13,7518.5,75,52,0,0
9,2026-07-17 01:35:13,7518.25,41,8,0,0
9,2026-07-17 01:35:13,7518,74,82,10,0
9,2026-07-17 01:35:13,7517.75,117,88,0,0
9,2026-07-17 01:35:13,7517.5,72,28,14,0
9,2026-07-17 01:35:13,7517.25,22,6,0,0
9,2026-07-17 01:35:13,7517,25,21,0,0
9,2026-07-17 01:35:13,7516.75,17,9,0,0
9,2026-07-17 01:35:13,7516.5,17,15,0,0
9,2026-07-17 01:35:13,7516.25,7,5,0,0
9,2026-07-17 01:35:13,7516,64,64,0,0
9,2026-07-17 01:35:13,7515.75,39,36,0,0
9,2026-07-17 01:35:13,7515.5,51,74,0,0
9,2026-07-17 01:35:13,7515.25,83,73,0,0
9,2026-07-17 01:35:13,7515,50,26,0,0
9,2026-07-17 01:35:13,7514.75,44,36,0,0
9,2026-07-17 01:35:13,7514.5,102,75,0,0
9,2026-07-17 01:35:13,7514.25,70,29,0,0
9,2026-07-17 01:35:13,7514,43,29,0,0
9,2026-07-17 01:35:13,7513.75,45,45,0,12
9,2026-07-17 01:35:13,7513.5,23,13,0,0
9,2026-07-17 01:35:13,7513.25,34,8,12,0
9,2026-07-17 01:35:13,7513,45,49,0,0
9,2026-07-17 01:35:13,7512.75,68,109,0,0
9,2026-07-17 01:35:13,7512.5,112,158,0,10
9,2026-07-17 01:35:13,7512.25,145,142,0,0
9,2026-07-17 01:35:13,7512,129,170,0,0
9,2026-07-17 01:35:13,7511.75,185,179,0,10
9,2026-07-17 01:35:13,7511.5,191,163,0,0
9,2026-07-17 01:35:13,7511.25,216,147,14,0
9,2026-07-17 01:35:13,7511,178,132,13,0
9,2026-07-17 01:35:13,7510.75,117,186,26,98
9,2026-07-17 01:35:13,7510.5,61,107,0,0
9,2026-07-17 01:35:13,7510.25,175,146,27,0
9,2026-07-17 01:35:13,7510,238,70,135,0
9,2026-07-17 01:35:13,7509.75,41,66,0,0
9,2026-07-17 01:35:13,7509.5,43,42,0,0
9,2026-07-17 01:35:13,7509.25,41,39,0,0
9,2026-07-17 01:35:13,7509,23,3,0,0
10,2026-07-17 01:58:48,7512.5,118,156,0,10
10,2026-07-17 01:58:48,7512.75,100,88,0,0
10,2026-07-17 01:58:48,7512.25,172,165,0,15
10,2026-07-17 01:58:48,7512,169,132,10,0
10,2026-07-17 01:58:48,7511.75,92,91,0,0
10,2026-07-17 01:58:48,7511.5,132,97,0,0
10,2026-07-17 01:58:48,7511.25,149,160,0,0
10,2026-07-17 01:58:48,7511,184,135,15,0
10,2026-07-17 01:58:48,7510.75,121,101,15,0
10,2026-07-17 01:58:48,7510.5,93,26,15,0
10,2026-07-17 01:58:48,7510.25,8,2,0,0
10,2026-07-17 01:58:48,7513,156,148,0,22
10,2026-07-17 01:58:48,7513.25,156,190,0,0
10,2026-07-17 01:58:48,7513.5,118,124,0,0
10,2026-07-17 01:58:48,7513.75,134,130,10,0
10,2026-07-17 01:58:48,7514,114,143,0,0
10,2026-07-17 01:58:48,7514.25,55,47,0,16
10,2026-07-17 01:58:48,7514.5,41,55,0,0
10,2026-07-17 01:58:48,7514.75,81,72,0,0
10,2026-07-17 01:58:48,7515,151,83,10,0
10,2026-07-17 01:58:48,7515.25,125,149,0,0
10,2026-07-17 01:58:48,7515.5,176,231,0,0
10,2026-07-17 01:58:48,7515.75,211,446,33,92
10,2026-07-17 01:58:48,7516,126,502,46,400
10,2026-07-17 01:58:48,7516.25,7,18,0,0
10,2026-07-17 01:58:48,7510,14,6,0,0
11,2026-07-17 02:13:33,7513,104,46,11,0
11,2026-07-17 02:13:33,7513.25,32,39,15,0
11,2026-07-17 02:13:33,7512.75,62,76,0,0
11,2026-07-17 02:13:33,7512.5,100,125,32,0
11,2026-07-17 02:13:33,7512.25,106,111,0,0
11,2026-07-17 02:13:33,7512,125,64,31,0
11,2026-07-17 02:13:33,7511.75,114,76,28,0
11,2026-07-17 02:13:33,7511.5,57,124,0,30
11,2026-07-17 02:13:33,7511.25,98,32,24,0
11,2026-07-17 02:13:33,7513.5,28,40,0,0
11,2026-07-17 02:13:33,7513.75,41,32,0,0
11,2026-07-17 02:13:33,7514,24,44,0,0
11,2026-07-17 02:13:33,7514.25,39,42,0,0
11,2026-07-17 02:13:33,7514.5,50,70,0,0
11,2026-07-17 02:13:33,7514.75,112,59,21,0
11,2026-07-17 02:13:33,7515,178,161,66,12
11,2026-07-17 02:13:33,7515.25,121,107,0,0
11,2026-07-17 02:13:33,7515.5,161,178,0,0
11,2026-07-17 02:13:33,7515.75,338,276,100,0
11,2026-07-17 02:13:33,7516,310,334,34,0
11,2026-07-17 02:13:33,7516.25,100,221,0,0
11,2026-07-17 02:13:33,7516.5,167,170,38,0
11,2026-07-17 02:13:33,7516.75,64,95,0,0
11,2026-07-17 02:13:33,7517,23,34,0,0
11,2026-07-17 02:13:33,7511,45,30,13,0
11,2026-07-17 02:13:33,7510.75,27,28,14,0
11,2026-07-17 02:13:33,7510.5,21,4,0,0
11,2026-07-17 02:13:33,7510.25,20,0,0,0
11,2026-07-17 02:13:33,7517.25,32,26,0,0
11,2026-07-17 02:13:33,7517.5,30,20,0,0
11,2026-07-17 02:13:33,7517.75,113,55,51,0
11,2026-07-17 02:13:33,7518,194,146,102,19
11,2026-07-17 02:13:33,7518.25,151,111,0,0
11,2026-07-17 02:13:33,7518.5,98,111,0,0
11,2026-07-17 02:13:33,7518.75,23,94,0,0
11,2026-07-17 02:13:33,7519,0,11,0,0
12,2026-07-17 02:32:37,7518.5,15,10,0,0
12,2026-07-17 02:32:37,7518.75,2,12,0,0
12,2026-07-17 02:32:37,7518.25,11,8,0,0
12,2026-07-17 02:32:37,7518,13,2,0,0
12,2026-07-17 02:32:37,7517.75,5,5,0,0
12,2026-07-17 02:32:37,7517.5,27,25,0,0
12,2026-07-17 02:32:37,7517.25,14,1,0,0
12,2026-07-17 02:32:37,7517,38,22,11,0
12,2026-07-17 02:32:37,7516.75,34,18,0,0
12,2026-07-17 02:32:37,7516.5,47,33,0,0
12,2026-07-17 02:32:37,7516.25,29,19,0,0
12,2026-07-17 02:32:37,7516,43,52,0,0
12,2026-07-17 02:32:37,7515.75,114,77,11,0
12,2026-07-17 02:32:37,7515.5,100,111,0,0
12,2026-07-17 02:32:37,7515.25,155,133,0,0
12,2026-07-17 02:32:37,7515,213,204,0,30
12,2026-07-17 02:32:37,7514.75,129,97,0,0
12,2026-07-17 02:32:37,7514.5,176,190,14,18
12,2026-07-17 02:32:37,7514.25,163,175,0,0
12,2026-07-17 02:32:37,7514,306,338,10,79
12,2026-07-17 02:32:37,7513.75,324,237,0,21
12,2026-07-17 02:32:37,7513.5,259,273,0,15
12,2026-07-17 02:32:37,7513.25,315,226,44,0
12,2026-07-17 02:32:37,7513,205,169,37,40
12,2026-07-17 02:32:37,7512.75,107,80,0,0
12,2026-07-17 02:32:37,7512.5,56,97,0,14
12,2026-07-17 02:32:37,7512.25,134,92,0,0
12,2026-07-17 02:32:37,7512,141,100,0,0
12,2026-07-17 02:32:37,7511.75,116,94,0,0
12,2026-07-17 02:32:37,7511.5,87,71,0,0
12,2026-07-17 02:32:37,7511.25,39,17,0,0
12,2026-07-17 02:32:37,7511,34,29,0,0
12,2026-07-17 02:32:37,7510.75,24,7,15,0
12,2026-07-17 02:32:37,7510.5,1,0,0,0
13,2026-07-17 03:00:17,7512,244,139,100,0
13,2026-07-17 03:00:17,7511.75,93,68,10,0
13,2026-07-17 03:00:17,7511.5,234,62,99,0
13,2026-07-17 03:00:17,7511.25,20,49,0,0
13,2026-07-17 03:00:17,7512.25,41,51,0,0
13,2026-07-17 03:00:17,7512.5,79,113,0,12
13,2026-07-17 03:00:17,7512.75,119,102,0,0
13,2026-07-17 03:00:17,7513,126,108,50,0
13,2026-07-17 03:00:17,7513.25,100,54,0,0
13,2026-07-17 03:00:17,7513.5,155,191,15,0
13,2026-07-17 03:00:17,7513.75,226,425,12,83
13,2026-07-17 03:00:17,7514,146,586,0,450
13,2026-07-17 03:00:17,7514.25,97,93,0,0
13,2026-07-17 03:00:17,7514.5,92,96,0,0
13,2026-07-17 03:00:17,7514.75,69,89,0,0
13,2026-07-17 03:00:17,7515,68,60,0,0
13,2026-07-17 03:00:17,7515.25,37,32,0,0
13,2026-07-17 03:00:17,7515.5,64,76,0,0
13,2026-07-17 03:00:17,7515.75,39,45,0,0
13,2026-07-17 03:00:17,7516,84,49,0,0
13,2026-07-17 03:00:17,7516.25,79,95,0,0
13,2026-07-17 03:00:17,7516.5,50,51,0,0
13,2026-07-17 03:00:17,7516.75,2,136,0,26
13,2026-07-17 03:00:17,7511,80,31,29,0
13,2026-07-17 03:00:17,7510.75,50,43,15,0
13,2026-07-17 03:00:17,7510.5,33,40,0,0
13,2026-07-17 03:00:17,7510.25,35,34,0,0
13,2026-07-17 03:00:17,7510,181,24,72,0
13,2026-07-17 03:00:17,7509.75,31,8,0,0
13,2026-07-17 03:00:17,7509.5,5,1,0,0
13,2026-07-17 03:00:17,7509.25,5,0,0,0
13,2026-07-17 03:00:17,7509,14,8,0,0
13,2026-07-17 03:00:17,7508.75,51,43,0,0
13,2026-07-17 03:00:17,7508.5,64,8,0,0
13,2026-07-17 03:00:17,7508.25,19,18,0,0
13,2026-07-17 03:00:17,7508,30,65,0,0
13,2026-07-17 03:00:17,7507.75,30,46,0,0
13,2026-07-17 03:00:17,7507.5,43,55,0,10
13,2026-07-17 03:00:17,7507.25,48,41,0,0
13,2026-07-17 03:00:17,7507,58,53,0,0
13,2026-07-17 03:00:17,7506.75,78,43,27,20
13,2026-07-17 03:00:17,7506.5,29,12,0,0
13,2026-07-17 03:00:17,7506.25,9,0,0,0
14,2026-07-17 03:11:17,7506.75,145,164,11,0
14,2026-07-17 03:11:17,7507.25,186,195,0,16
14,2026-07-17 03:11:17,7507,162,178,0,44
14,2026-07-17 03:11:17,7506.5,144,67,10,0
14,2026-07-17 03:11:17,7506.25,24,19,0,0
14,2026-07-17 03:11:17,7507.5,153,109,0,0
14,2026-07-17 03:11:17,7507.75,90,91,0,0
14,2026-07-17 03:11:17,7508,20,67,0,0
14,2026-07-17 03:11:17,7508.25,3,10,0,0
14,2026-07-17 03:11:17,7506,46,1,18,0
14,2026-07-17 03:11:17,7505.75,6,0,0,0
14,2026-07-17 03:11:17,7505.5,31,21,0,0
14,2026-07-17 03:11:17,7505.25,14,0,0,0
14,2026-07-17 03:11:17,7505,32,18,0,0
14,2026-07-17 03:11:17,7504.75,32,9,0,0
14,2026-07-17 03:11:17,7504.5,20,3,0,0
14,2026-07-17 03:11:17,7504.25,7,11,0,0
14,2026-07-17 03:11:17,7504,33,27,0,0
14,2026-07-17 03:11:17,7503.75,44,37,0,0
14,2026-07-17 03:11:17,7503.5,27,33,15,0
14,2026-07-17 03:11:17,7503.25,73,30,10,0
14,2026-07-17 03:11:17,7503,52,73,0,0
14,2026-07-17 03:11:17,7502.75,136,66,20,0
14,2026-07-17 03:11:17,7502.5,37,64,0,17
14,2026-07-17 03:11:17,7502.25,16,39,0,0
14,2026-07-17 03:11:17,7502,96,80,0,0
14,2026-07-17 03:11:17,7501.75,85,63,0,11
14,2026-07-17 03:11:17,7501.5,75,53,0,0
14,2026-07-17 03:11:17,7501.25,46,39,0,0
14,2026-07-17 03:11:17,7501,96,33,24,0
14,2026-07-17 03:11:17,7500.75,33,26,0,0
14,2026-07-17 03:11:17,7500.5,22,8,0,0
14,2026-07-17 03:11:17,7500.25,17,11,0,0
14,2026-07-17 03:11:17,7500,125,28,35,0
14,2026-07-17 03:11:17,7499.75,68,97,0,0
14,2026-07-17 03:11:17,7499.5,104,99,10,0
14,2026-07-17 03:11:17,7499.25,39,37,0,0
14,2026-07-17 03:11:17,7499,45,67,0,0
14,2026-07-17 03:11:17,7498.75,121,139,0,39
14,2026-07-17 03:11:17,7498.5,65,109,0,41
14,2026-07-17 03:11:17,7498.25,73,86,14,0
14,2026-07-17 03:11:17,7498,132,111,0,0
14,2026-07-17 03:11:17,7497.75,165,131,10,0
14,2026-07-17 03:11:17,7497.5,147,166,0,0
14,2026-07-17 03:11:17,7497.25,162,130,25,0
14,2026-07-17 03:11:17,7497,166,117,17,21
14,2026-07-17 03:11:17,7496.75,86,13,21,0
14,2026-07-17 03:11:17,7496.5,3,4,0,0
15,2026-07-17 03:19:20,7497,240,276,11,44
15,2026-07-17 03:19:20,7497.25,216,251,11,29
15,2026-07-17 03:19:20,7497.5,147,202,0,16
15,2026-07-17 03:19:20,7496.75,271,245,59,52
15,2026-07-17 03:19:20,7496.5,248,193,22,21
15,2026-07-17 03:19:20,7496.25,198,108,31,18
15,2026-07-17 03:19:20,7496,176,74,45,0
15,2026-07-17 03:19:20,7495.75,101,58,10,0
15,2026-07-17 03:19:20,7495.5,66,22,0,0
15,2026-07-17 03:19:20,7497.75,144,219,0,0
15,2026-07-17 03:19:20,7498,184,174,0,0
15,2026-07-17 03:19:20,7495.25,31,18,0,0
15,2026-07-17 03:19:20,7495,22,0,0,0
15,2026-07-17 03:19:20,7498.25,138,179,12,0
15,2026-07-17 03:19:20,7498.5,102,75,0,0
15,2026-07-17 03:19:20,7498.75,97,68,0,0
15,2026-07-17 03:19:20,7499,206,131,42,15
15,2026-07-17 03:19:20,7499.25,140,137,0,0
15,2026-07-17 03:19:20,7499.5,60,71,0,10
15,2026-07-17 03:19:20,7499.75,30,39,0,14
15,2026-07-17 03:19:20,7500,84,93,17,15
15,2026-07-17 03:19:20,7500.25,62,59,0,0
15,2026-07-17 03:19:20,7500.5,97,82,0,0
15,2026-07-17 03:19:20,7500.75,108,82,0,0
15,2026-07-17 03:19:20,7501,85,77,0,0
15,2026-07-17 03:19:20,7501.25,26,28,0,0
15,2026-07-17 03:19:20,7501.5,11,19,0,0
15,2026-07-17 03:19:20,7501.75,32,27,0,0
15,2026-07-17 03:19:20,7502,61,82,10,0
15,2026-07-17 03:19:20,7502.25,14,24,0,10
15,2026-07-17 03:19:20,7502.5,0,6,0,0
16,2026-07-17 03:27:26,7502,99,56,10,0
16,2026-07-17 03:27:26,7502.25,137,92,0,0
16,2026-07-17 03:27:26,7502.5,82,99,12,0
16,2026-07-17 03:27:26,7501.75,33,7,0,0
16,2026-07-17 03:27:26,7502.75,88,72,0,0
16,2026-07-17 03:27:26,7501.5,37,39,0,0
16,2026-07-17 03:27:26,7501.25,32,42,0,0
16,2026-07-17 03:27:26,7501,46,57,0,0
16,2026-07-17 03:27:26,7500.75,85,64,0,10
16,2026-07-17 03:27:26,7500.5,76,48,0,0
16,2026-07-17 03:27:26,7500.25,59,48,0,0
16,2026-07-17 03:27:26,7500,44,15,0,0
16,2026-07-17 03:27:26,7503,46,90,0,0
16,2026-07-17 03:27:26,7503.25,15,10,0,0
16,2026-07-17 03:27:26,7503.5,2,7,0,0
16,2026-07-17 03:27:26,7503.75,0,3,0,0
16,2026-07-17 03:27:26,7499.75,3,0,0,0
16,2026-07-17 03:27:26,7499.5,12,5,0,0
16,2026-07-17 03:27:26,7499.25,3,3,0,0
16,2026-07-17 03:27:26,7499,8,14,0,0
16,2026-07-17 03:27:26,7498.75,8,4,0,0
16,2026-07-17 03:27:26,7498.5,4,2,0,0
16,2026-07-17 03:27:26,7498.25,21,4,0,0
16,2026-07-17 03:27:26,7498,29,31,0,0
16,2026-07-17 03:27:26,7497.75,30,28,0,0
16,2026-07-17 03:27:26,7497.5,25,25,0,0
16,2026-07-17 03:27:26,7497.25,25,8,0,0
16,2026-07-17 03:27:26,7497,37,38,0,0
16,2026-07-17 03:27:26,7496.75,61,85,0,0
16,2026-07-17 03:27:26,7496.5,97,68,0,0
16,2026-07-17 03:27:26,7496.25,51,71,0,0
16,2026-07-17 03:27:26,7496,104,92,0,0
16,2026-07-17 03:27:26,7495.75,141,216,0,20
16,2026-07-17 03:27:26,7495.5,279,252,0,0
16,2026-07-17 03:27:26,7495.25,209,184,0,0
16,2026-07-17 03:27:26,7495,272,242,13,42
16,2026-07-17 03:27:26,7494.75,81,89,0,0
16,2026-07-17 03:27:26,7494.5,41,4,0,0
16,2026-07-17 03:27:26,7494.25,9,0,0,0
16,2026-07-17 03:27:26,7494,41,8,15,0
16,2026-07-17 03:27:26,7493.75,68,72,0,0
16,2026-07-17 03:27:26,7493.5,150,97,30,0
16,2026-07-17 03:27:26,7493.25,122,123,0,0
16,2026-07-17 03:27:26,7493,152,146,13,0
16,2026-07-17 03:27:26,7492.75,166,165,17,0
16,2026-07-17 03:27:26,7492.5,209,116,30,0
16,2026-07-17 03:27:26,7492.25,58,46,0,0
16,2026-07-17 03:27:26,7492,64,49,0,0
16,2026-07-17 03:27:26,7491.75,4,0,0,0
17,2026-07-17 03:40:47,7492.5,71,229,0,21
17,2026-07-17 03:40:47,7492.75,160,137,0,0
17,2026-07-17 03:40:47,7493,103,153,0,0
17,2026-07-17 03:40:47,7493.25,113,110,17,0
17,2026-07-17 03:40:47,7492.25,90,66,0,0
17,2026-07-17 03:40:47,7493.5,76,88,0,0
17,2026-07-17 03:40:47,7493.75,70,69,0,0
17,2026-07-17 03:40:47,7494,75,117,0,0
17,2026-07-17 03:40:47,7494.25,90,83,0,0
17,2026-07-17 03:40:47,7494.5,93,77,0,0
17,2026-07-17 03:40:47,7492,39,63,0,0
17,2026-07-17 03:40:47,7491.75,48,35,0,0
17,2026-07-17 03:40:47,7491.5,29,24,0,0
17,2026-07-17 03:40:47,7491.25,23,8,0,0
17,2026-07-17 03:40:47,7494.75,185,157,13,0
17,2026-07-17 03:40:47,7495,150,205,10,20
17,2026-07-17 03:40:47,7495.25,148,104,0,0
17,2026-07-17 03:40:47,7495.5,75,106,0,0
17,2026-07-17 03:40:47,7495.75,83,98,13,0
17,2026-07-17 03:40:47,7496,141,125,0,0
17,2026-07-17 03:40:47,7496.25,134,208,0,43
17,2026-07-17 03:40:47,7496.5,123,126,0,12
17,2026-07-17 03:40:47,7496.75,177,152,0,10
17,2026-07-17 03:40:47,7497,197,198,13,16
17,2026-07-17 03:40:47,7497.25,247,242,0,12
17,2026-07-17 03:40:47,7497.5,137,235,0,0
17,2026-07-17 03:40:47,7497.75,88,175,0,37
17,2026-07-17 03:40:47,7498,45,36,0,0
17,2026-07-17 03:40:47,7498.25,20,44,0,0
18,2026-07-17 03:52:58,7494,10,10,0,0
18,2026-07-17 03:52:58,7494.25,13,15,0,0
18,2026-07-17 03:52:58,7494.5,7,29,0,0
18,2026-07-17 03:52:58,7494.75,24,34,0,0
18,2026-07-17 03:52:58,7495,24,61,0,0
18,2026-07-17 03:52:58,7495.25,23,50,0,0
18,2026-07-17 03:52:58,7495.5,26,37,0,0
18,2026-07-17 03:52:58,7495.75,24,21,0,0
18,2026-07-17 03:52:58,7496,0,100,0,0
18,2026-07-17 03:52:58,7496.25,38,34,0,10
18,2026-07-17 03:52:58,7496.5,10,24,0,0
18,2026-07-17 03:52:58,7496.75,44,41,10,0
18,2026-07-17 03:52:58,7497,27,68,0,15
18,2026-07-17 03:52:58,7497.25,24,62,0,24
18,2026-07-17 03:52:58,7497.5,76,55,0,0
18,2026-07-17 03:52:58,7497.75,60,73,0,0
18,2026-07-17 03:52:58,7498,97,87,0,0
18,2026-07-17 03:52:58,7498.25,124,108,0,0
18,2026-07-17 03:52:58,7498.5,203,174,0,0
18,2026-07-17 03:52:58,7498.75,183,141,0,0
18,2026-07-17 03:52:58,7499,214,201,20,35
18,2026-07-17 03:52:58,7499.25,305,297,0,48
18,2026-07-17 03:52:58,7499.5,268,263,0,0
18,2026-07-17 03:52:58,7499.75,136,179,0,0
18,2026-07-17 03:52:58,7500,222,208,20,0
18,2026-07-17 03:52:58,7500.25,165,154,10,0
18,2026-07-17 03:52:58,7500.5,60,114,0,11
18,2026-07-17 03:52:58,7500.75,42,40,0,0
18,2026-07-17 03:52:58,7501,38,16,0,0
18,2026-07-17 03:52:58,7501.25,71,64,0,0
18,2026-07-17 03:52:58,7501.5,125,96,0,13
18,2026-07-17 03:52:58,7501.75,233,89,39,0
18,2026-07-17 03:52:58,7502,118,116,13,0
18,2026-07-17 03:52:58,7502.25,36,70,0,0
18,2026-07-17 03:52:58,7502.5,27,36,0,0
18,2026-07-17 03:52:58,7502.75,21,9,0,0
18,2026-07-17 03:52:58,7503,20,14,0,0
18,2026-07-17 03:52:58,7503.25,11,18,0,0
18,2026-07-17 03:52:58,7503.5,16,35,0,0
18,2026-07-17 03:52:58,7503.75,28,32,0,0
18,2026-07-17 03:52:58,7504,6,24,0,0
19,2026-07-17 04:10:08,7499.5,67,71,0,10
19,2026-07-17 04:10:08,7499.75,78,66,0,0
19,2026-07-17 04:10:08,7500,94,123,10,11
19,2026-07-17 04:10:08,7499.25,45,12,0,0
19,2026-07-17 04:10:08,7500.25,43,54,0,10
19,2026-07-17 04:10:08,7500.5,15,71,0,20
19,2026-07-17 04:10:08,7499,9,0,0,0
19,2026-07-17 04:10:08,7500.75,5,15,0,0
19,2026-07-17 04:10:08,7501,10,23,0,0
19,2026-07-17 04:10:08,7501.25,10,15,0,0
19,2026-07-17 04:10:08,7501.5,0,8,0,0
19,2026-07-17 04:10:08,7501.75,0,2,0,0
19,2026-07-17 04:10:08,7502,5,13,0,0
19,2026-07-17 04:10:08,7502.25,18,15,0,0
19,2026-07-17 04:10:08,7502.5,122,73,0,0
19,2026-07-17 04:10:08,7502.75,75,68,0,0
19,2026-07-17 04:10:08,7503,160,111,51,0
19,2026-07-17 04:10:08,7503.25,105,92,0,0
19,2026-07-17 04:10:08,7503.5,126,78,0,0
19,2026-07-17 04:10:08,7503.75,196,137,21,0
19,2026-07-17 04:10:08,7504,498,160,37,47
19,2026-07-17 04:10:08,7504.25,151,134,0,0
19,2026-07-17 04:10:08,7504.5,190,140,0,0
19,2026-07-17 04:10:08,7504.75,206,194,32,0
19,2026-07-17 04:10:08,7505,154,169,0,0
19,2026-07-17 04:10:08,7505.25,130,202,32,37
19,2026-07-17 04:10:08,7505.5,95,139,0,10
19,2026-07-17 04:10:08,7505.75,33,64,0,0
19,2026-07-17 04:10:08,7506,24,24,0,0
19,2026-07-17 04:10:08,7506.25,3,13,0,0
19,2026-07-17 04:10:08,7506.5,17,13,0,0
19,2026-07-17 04:10:08,7506.75,31,40,0,0
19,2026-07-17 04:10:08,7507,39,40,0,0
19,2026-07-17 04:10:08,7507.25,40,81,0,15
19,2026-07-17 04:10:08,7507.5,5,24,0,0
19,2026-07-17 04:10:08,7507.75,8,38,0,10
19,2026-07-17 04:10:08,7508,43,73,0,0
19,2026-07-17 04:10:08,7508.25,16,35,0,0
19,2026-07-17 04:10:08,7508.5,18,22,0,0
19,2026-07-17 04:10:08,7508.75,89,60,0,0
19,2026-07-17 04:10:08,7509,100,84,0,10
19,2026-07-17 04:10:08,7509.25,69,62,0,14
19,2026-07-17 04:10:08,7509.5,103,91,0,0
19,2026-07-17 04:10:08,7509.75,81,90,0,0
19,2026-07-17 04:10:08,7510,25,66,0,10
19,2026-07-17 04:10:08,7510.25,0,2,0,0
20,2026-07-17 04:27:56,7509,124,195,20,145
20,2026-07-17 04:27:56,7509.25,88,52,0,0
20,2026-07-17 04:27:56,7509.5,96,105,0,0
20,2026-07-17 04:27:56,7509.75,78,46,0,0
20,2026-07-17 04:27:56,7510,90,77,0,0
20,2026-07-17 04:27:56,7510.25,36,72,0,0
20,2026-07-17 04:27:56,7508.75,60,41,10,0
20,2026-07-17 04:27:56,7508.5,55,50,10,0
20,2026-07-17 04:27:56,7510.5,4,10,0,0
20,2026-07-17 04:27:56,7508.25,34,71,0,0
20,2026-07-17 04:27:56,7508,89,113,0,0
20,2026-07-17 04:27:56,7507.75,63,90,0,0
20,2026-07-17 04:27:56,7507.5,123,137,0,0
20,2026-07-17 04:27:56,7507.25,144,221,0,0
20,2026-07-17 04:27:56,7507,201,200,0,0
20,2026-07-17 04:27:56,7506.75,127,112,0,0
20,2026-07-17 04:27:56,7506.5,160,141,0,0
20,2026-07-17 04:27:56,7506.25,136,142,0,0
20,2026-07-17 04:27:56,7506,152,185,0,0
20,2026-07-17 04:27:56,7505.75,163,161,0,0
20,2026-07-17 04:27:56,7505.5,158,163,0,0
20,2026-07-17 04:27:56,7505.25,160,157,0,0
20,2026-07-17 04:27:56,7505,57,89,0,10
20,2026-07-17 04:27:56,7504.75,70,81,0,0
20,2026-07-17 04:27:56,7504.5,45,55,0,0
20,2026-07-17 04:27:56,7504.25,55,55,0,0
20,2026-07-17 04:27:56,7504,132,79,62,0
20,2026-07-17 04:27:56,7503.75,63,86,0,15
20,2026-07-17 04:27:56,7503.5,110,135,0,0
20,2026-07-17 04:27:56,7503.25,73,110,0,0
20,2026-07-17 04:27:56,7503,367,0,29,0
21,2026-07-17 04:52:56,7508.5,134,95,0,0
21,2026-07-17 04:52:56,7508.25,119,94,0,24
21,2026-07-17 04:52:56,7508.75,113,97,0,0
21,2026-07-17 04:52:56,7509,208,214,0,0
21,2026-07-17 04:52:56,7509.25,374,315,58,14
21,2026-07-17 04:52:56,7509.5,585,339,114,0
21,2026-07-17 04:52:56,7509.75,286,257,0,0
21,2026-07-17 04:52:56,7510,180,317,0,0
21,2026-07-17 04:52:56,7510.25,253,152,80,0
21,2026-07-17 04:52:56,7508,60,63,0,0
21,2026-07-17 04:52:56,7507.75,71,31,0,0
21,2026-07-17 04:52:56,7510.5,241,149,61,0
21,2026-07-17 04:52:56,7510.75,129,84,0,0
21,2026-07-17 04:52:56,7511,321,221,35,0
21,2026-07-17 04:52:56,7511.25,105,253,0,51
21,2026-07-17 04:52:56,7511.5,85,119,34,0
21,2026-07-17 04:52:56,7511.75,11,43,0,0
21,2026-07-17 04:52:56,7507.5,12,19,0,0
21,2026-07-17 04:52:56,7507.25,47,31,0,0
21,2026-07-17 04:52:56,7507,21,2,0,0
21,2026-07-17 04:52:56,7512,4,18,0,0
21,2026-07-17 04:52:56,7512.25,10,27,0,0
21,2026-07-17 04:52:56,7512.5,14,27,0,0
21,2026-07-17 04:52:56,7512.75,34,14,0,0
21,2026-07-17 04:52:56,7513,25,42,0,0
21,2026-07-17 04:52:56,7513.25,0,22,0,0
21,2026-07-17 04:52:56,7513.5,0,13,0,0
22,2026-07-17 05:08:22,7512.25,61,69,0,0
22,2026-07-17 05:08:22,7512.5,162,132,10,0
22,2026-07-17 05:08:22,7512.75,190,147,42,0
22,2026-07-17 05:08:22,7513,176,174,0,24
22,2026-07-17 05:08:22,7513.25,172,258,13,26
22,2026-07-17 05:08:22,7512,57,49,0,0
22,2026-07-17 05:08:22,7511.75,37,48,0,0
22,2026-07-17 05:08:22,7511.5,19,32,0,0
22,2026-07-17 05:08:22,7511.25,13,18,0,0
22,2026-07-17 05:08:22,7513.5,111,278,0,178
22,2026-07-17 05:08:22,7513.75,45,60,0,0
22,2026-07-17 05:08:22,7514,530,54,45,0
22,2026-07-17 05:08:22,7514.25,93,100,10,10
22,2026-07-17 05:08:22,7514.5,102,138,0,28
22,2026-07-17 05:08:22,7514.75,180,136,0,0
22,2026-07-17 05:08:22,7515,198,165,0,10
22,2026-07-17 05:08:22,7515.25,80,145,0,0
22,2026-07-17 05:08:22,7515.5,94,100,0,0
22,2026-07-17 05:08:22,7515.75,58,63,0,0
22,2026-07-17 05:08:22,7516,35,46,0,0
22,2026-07-17 05:08:22,7516.25,140,118,38,0
22,2026-07-17 05:08:22,7516.5,265,272,20,38
22,2026-07-17 05:08:22,7516.75,298,203,50,0
22,2026-07-17 05:08:22,7517,112,180,10,10
22,2026-07-17 05:08:22,7517.25,106,104,0,0
22,2026-07-17 05:08:22,7517.5,10,43,0,0
22,2026-07-17 05:08:22,7517.75,8,16,0,0
23,2026-07-17 05:21:58,7513,510,61,175,35
23,2026-07-17 05:21:58,7513.25,142,192,0,34
23,2026-07-17 05:21:58,7513.5,142,162,0,0
23,2026-07-17 05:21:58,7512.75,60,19,0,0
23,2026-07-17 05:21:58,7512.5,91,56,0,0
23,2026-07-17 05:21:58,7512.25,141,78,0,0
23,2026-07-17 05:21:58,7512,75,34,0,0
23,2026-07-17 05:21:58,7511.75,17,25,0,0
23,2026-07-17 05:21:58,7511.5,17,31,0,0
23,2026-07-17 05:21:58,7511.25,20,14,0,0
23,2026-07-17 05:21:58,7511,17,0,0,0
23,2026-07-17 05:21:58,7513.75,91,182,0,26
23,2026-07-17 05:21:58,7514,69,128,0,12
23,2026-07-17 05:21:58,7514.25,80,57,0,0
23,2026-07-17 05:21:58,7514.5,88,113,0,0
23,2026-07-17 05:21:58,7514.75,43,42,0,0
23,2026-07-17 05:21:58,7515,31,34,0,0
23,2026-07-17 05:21:58,7515.25,2,15,0,0
23,2026-07-17 05:21:58,7515.5,55,74,0,0
23,2026-07-17 05:21:58,7515.75,66,68,0,0
23,2026-07-17 05:21:58,7516,144,148,47,10
23,2026-07-17 05:21:58,7516.25,26,67,0,0
23,2026-07-17 05:21:58,7516.5,68,29,0,0
23,2026-07-17 05:21:58,7516.75,35,42,0,0
23,2026-07-17 05:21:58,7517,228,69,0,0
23,2026-07-17 05:21:58,7517.25,61,71,0,0
23,2026-07-17 05:21:58,7517.5,35,52,0,0
23,2026-07-17 05:21:58,7517.75,75,81,33,0
23,2026-07-17 05:21:58,7518,21,30,0,0
23,2026-07-17 05:21:58,7518.25,103,70,14,0
23,2026-07-17 05:21:58,7518.5,122,74,0,10
23,2026-07-17 05:21:58,7518.75,157,119,31,11
23,2026-07-17 05:21:58,7519,79,106,0,0
23,2026-07-17 05:21:58,7519.25,118,129,0,0
23,2026-07-17 05:21:58,7519.5,145,163,0,0
23,2026-07-17 05:21:58,7519.75,71,144,0,24
23,2026-07-17 05:21:58,7520,15,46,0,0
23,2026-07-17 05:21:58,7520.25,110,102,0,0
23,2026-07-17 05:21:58,7520.5,67,102,0,0
23,2026-07-17 05:21:58,7520.75,9,25,0,0
24,2026-07-17 05:40:57,7520.25,62,107,0,0
24,2026-07-17 05:40:57,7520.5,49,24,0,0
24,2026-07-17 05:40:57,7520.75,119,183,0,0
24,2026-07-17 05:40:57,7521,46,67,19,16
24,2026-07-17 05:40:57,7521.25,35,29,0,0
24,2026-07-17 05:40:57,7521.5,43,71,0,0
24,2026-07-17 05:40:57,7521.75,53,39,31,0
24,2026-07-17 05:40:57,7522,0,8,0,0
24,2026-07-17 05:40:57,7520,209,155,33,10
24,2026-07-17 05:40:57,7519.75,136,166,0,0
24,2026-07-17 05:40:57,7519.5,175,176,0,0
24,2026-07-17 05:40:57,7519.25,212,172,0,0
24,2026-07-17 05:40:57,7519,203,223,0,0
24,2026-07-17 05:40:57,7518.75,211,223,0,0
24,2026-07-17 05:40:57,7518.5,177,204,0,10
24,2026-07-17 05:40:57,7518.25,305,240,0,13
24,2026-07-17 05:40:57,7518,891,130,174,0
24,2026-07-17 05:40:57,7517.75,141,125,0,0
24,2026-07-17 05:40:57,7517.5,183,206,0,36
24,2026-07-17 05:40:57,7517.25,166,119,0,0
24,2026-07-17 05:40:57,7517,165,28,54,0
24,2026-07-17 05:40:57,7516.75,78,68,0,10
24,2026-07-17 05:40:57,7516.5,60,13,0,0
24,2026-07-17 05:40:57,7516.25,5,0,0,0
25,2026-07-17 06:00:00,7518.75,83,81,13,0
25,2026-07-17 06:00:00,7518.5,76,54,10,0
25,2026-07-17 06:00:00,7518.25,73,97,15,0
25,2026-07-17 06:00:00,7518,115,105,0,0
25,2026-07-17 06:00:00,7517.75,113,101,12,0
25,2026-07-17 06:00:00,7517.25,88,76,0,0
25,2026-07-17 06:00:00,7517,99,92,0,10
25,2026-07-17 06:00:00,7517.5,93,78,0,0
25,2026-07-17 06:00:00,7519,36,77,13,0
25,2026-07-17 06:00:00,7519.25,13,26,0,0
25,2026-07-17 06:00:00,7519.5,7,27,0,0
25,2026-07-17 06:00:00,7519.75,7,16,0,0
25,2026-07-17 06:00:00,7520,56,59,11,38
25,2026-07-17 06:00:00,7520.25,42,33,0,0
25,2026-07-17 06:00:00,7520.5,47,55,12,0
25,2026-07-17 06:00:00,7520.75,130,102,16,0
25,2026-07-17 06:00:00,7521,67,137,10,10
25,2026-07-17 06:00:00,7521.25,38,46,0,0
25,2026-07-17 06:00:00,7521.5,159,77,114,0
25,2026-07-17 06:00:00,7521.75,21,57,0,0
25,2026-07-17 06:00:00,7522,0,14,0,0
25,2026-07-17 06:00:00,7516.75,89,60,0,16
25,2026-07-17 06:00:00,7516.5,48,21,0,0
25,2026-07-17 06:00:00,7516.25,27,3,0,0
25,2026-07-17 06:00:00,7516,11,0,0,0
25,2026-07-17 06:00:00,7515.75,1,2,0,0
25,2026-07-17 06:00:00,7515.5,52,61,0,0
25,2026-07-17 06:00:00,7515.25,78,45,0,0
25,2026-07-17 06:00:00,7515,55,50,0,0
25,2026-07-17 06:00:00,7514.75,52,66,0,0
25,2026-07-17 06:00:00,7514.5,169,176,23,0
25,2026-07-17 06:00:00,7514.25,185,122,0,0
25,2026-07-17 06:00:00,7514,142,263,0,168
25,2026-07-17 06:00:00,7513.75,138,68,0,15
25,2026-07-17 06:00:00,7513.5,61,51,0,0
25,2026-07-17 06:00:00,7513.25,61,52,0,0
25,2026-07-17 06:00:00,7513,117,75,0,0
25,2026-07-17 06:00:00,7512.75,72,49,0,0
25,2026-07-17 06:00:00,7512.5,127,97,10,0
25,2026-07-17 06:00:00,7512.25,148,180,13,45
25,2026-07-17 06:00:00,7512,87,62,0,0
25,2026-07-17 06:00:00,7511.75,69,24,0,0
25,2026-07-17 06:00:00,7511.5,24,26,0,0
25,2026-07-17 06:00:00,7511.25,24,6,0,0
25,2026-07-17 06:00:00,7511,9,0,0,0
25,2026-07-17 06:00:00,7510.75,24,20,0,0
25,2026-07-17 06:00:00,7510.5,30,5,0,0
25,2026-07-17 06:00:00,7510.25,24,20,0,0
25,2026-07-17 06:00:00,7510,53,70,0,46
25,2026-07-17 06:00:00,7509.75,43,33,0,0
26,2026-07-17 06:20:56,7509.75,36,40,0,15
26,2026-07-17 06:20:56,7509.5,38,12,0,10
26,2026-07-17 06:20:56,7509.25,2,0,0,0
26,2026-07-17 06:20:56,7510,8,27,0,0
26,2026-07-17 06:20:56,7510.25,24,16,0,0
26,2026-07-17 06:20:56,7510.5,12,23,0,0
26,2026-07-17 06:20:56,7510.75,54,28,0,0
26,2026-07-17 06:20:56,7511,347,93,312,0
26,2026-07-17 06:20:56,7511.25,196,78,53,0
26,2026-07-17 06:20:56,7511.5,119,82,48,0
26,2026-07-17 06:20:56,7511.75,92,122,0,0
26,2026-07-17 06:20:56,7512,333,97,241,0
26,2026-07-17 06:20:56,7512.25,33,84,0,0
26,2026-07-17 06:20:56,7512.5,110,168,0,10
26,2026-07-17 06:20:56,7512.75,155,41,96,0
26,2026-07-17 06:20:56,7513,49,85,0,0
26,2026-07-17 06:20:56,7513.25,22,39,0,0
26,2026-07-17 06:20:56,7513.5,7,34,0,0
26,2026-07-17 06:20:56,7513.75,19,31,0,0
26,2026-07-17 06:20:56,7514,27,34,0,0
26,2026-07-17 06:20:56,7514.25,60,50,0,0
26,2026-07-17 06:20:56,7514.5,58,57,0,0
26,2026-07-17 06:20:56,7514.75,29,59,0,0
26,2026-07-17 06:20:56,7515,197,116,41,0
26,2026-07-17 06:20:56,7515.25,123,110,11,0
26,2026-07-17 06:20:56,7515.5,161,167,0,0
26,2026-07-17 06:20:56,7515.75,267,144,46,0
26,2026-07-17 06:20:56,7516,339,194,0,0
26,2026-07-17 06:20:56,7516.25,86,92,0,0
26,2026-07-17 06:20:56,7516.5,90,92,0,0
26,2026-07-17 06:20:56,7516.75,86,100,0,11
26,2026-07-17 06:20:56,7517,136,95,10,0
26,2026-07-17 06:20:56,7517.25,100,131,0,0
26,2026-07-17 06:20:56,7517.5,46,101,0,0
26,2026-07-17 06:20:56,7517.75,49,75,0,0
26,2026-07-17 06:20:56,7518,88,90,0,0
26,2026-07-17 06:20:56,7518.25,16,58,0,0
26,2026-07-17 06:20:56,7518.5,1,20,0,0
27,2026-07-17 06:41:45,7516,71,67,0,0
27,2026-07-17 06:41:45,7516.25,101,116,0,0
27,2026-07-17 06:41:45,7516.5,70,139,0,0
27,2026-07-17 06:41:45,7516.75,146,156,0,0
27,2026-07-17 06:41:45,7517,200,175,48,37
27,2026-07-17 06:41:45,7517.25,85,162,0,0
27,2026-07-17 06:41:45,7517.5,52,153,0,39
27,2026-07-17 06:41:45,7517.75,130,76,0,0
27,2026-07-17 06:41:45,7518,142,102,0,0
27,2026-07-17 06:41:45,7515.75,89,82,16,0
27,2026-07-17 06:41:45,7515.5,51,40,0,0
27,2026-07-17 06:41:45,7515.25,49,70,0,0
27,2026-07-17 06:41:45,7515,58,42,0,0
27,2026-07-17 06:41:45,7514.75,47,46,0,0
27,2026-07-17 06:41:45,7514.5,45,72,0,0
27,2026-07-17 06:41:45,7514.25,106,146,0,25
27,2026-07-17 06:41:45,7514,133,170,0,12
27,2026-07-17 06:41:45,7513.75,118,69,0,17
27,2026-07-17 06:41:45,7513.5,98,55,0,0
27,2026-07-17 06:41:45,7513.25,38,42,0,0
27,2026-07-17 06:41:45,7513,32,27,0,0
27,2026-07-17 06:41:45,7512.75,36,29,0,11
27,2026-07-17 06:41:45,7512.5,34,6,10,0
27,2026-07-17 06:41:45,7512.25,3,0,0,0
27,2026-07-17 06:41:45,7518.25,135,151,0,0
27,2026-07-17 06:41:45,7518.5,187,132,0,0
27,2026-07-17 06:41:45,7518.75,178,123,0,0
27,2026-07-17 06:41:45,7519,187,139,37,0
27,2026-07-17 06:41:45,7519.25,109,90,29,0
27,2026-07-17 06:41:45,7519.5,113,61,15,0
27,2026-07-17 06:41:45,7519.75,289,111,21,10
27,2026-07-17 06:41:45,7520,147,173,0,0
27,2026-07-17 06:41:45,7520.25,73,81,0,13
27,2026-07-17 06:41:45,7520.5,0,45,0,0
28,2026-07-17 07:01:33,7517.75,4,12,0,0
28,2026-07-17 07:01:33,7518,0,15,0,0
28,2026-07-17 07:01:33,7518.25,0,14,0,0
28,2026-07-17 07:01:33,7517.5,9,7,0,0
28,2026-07-17 07:01:33,7517.25,7,0,0,0
28,2026-07-17 07:01:33,7517,17,1,0,0
28,2026-07-17 07:01:33,7516.75,7,14,0,0
28,2026-07-17 07:01:33,7516.5,19,12,0,0
28,2026-07-17 07:01:33,7516.25,21,16,0,0
28,2026-07-17 07:01:33,7516,55,21,0,0
28,2026-07-17 07:01:33,7515.75,31,35,0,0
28,2026-07-17 07:01:33,7515.5,36,56,0,0
28,2026-07-17 07:01:33,7515.25,48,52,0,0
28,2026-07-17 07:01:33,7515,39,9,0,0
28,2026-07-17 07:01:33,7514.75,9,30,0,0
28,2026-07-17 07:01:33,7514.5,12,9,0,0
28,2026-07-17 07:01:33,7514.25,46,27,0,0
28,2026-07-17 07:01:33,7514,39,27,0,0
28,2026-07-17 07:01:33,7513.75,39,66,0,0
28,2026-07-17 07:01:33,7513.5,168,143,0,15
28,2026-07-17 07:01:33,7513.25,140,68,0,0
28,2026-07-17 07:01:33,7513,98,64,0,0
28,2026-07-17 07:01:33,7512.75,46,116,0,0
28,2026-07-17 07:01:33,7512.5,115,185,0,17
28,2026-07-17 07:01:33,7512.25,124,138,0,0
28,2026-07-17 07:01:33,7512,138,126,0,0
28,2026-07-17 07:01:33,7511.75,185,117,26,22
28,2026-07-17 07:01:33,7511.5,243,171,55,0
28,2026-07-17 07:01:33,7511.25,170,132,23,0
28,2026-07-17 07:01:33,7511,150,206,0,38
28,2026-07-17 07:01:33,7510.75,84,150,0,0
28,2026-07-17 07:01:33,7510.5,117,172,10,21
28,2026-07-17 07:01:33,7510.25,202,201,0,16
28,2026-07-17 07:01:33,7510,266,235,0,29
28,2026-07-17 07:01:33,7509.75,249,320,0,50
28,2026-07-17 07:01:33,7509.5,131,97,0,0
28,2026-07-17 07:01:33,7509.25,61,56,0,0
28,2026-07-17 07:01:33,7509,46,27,0,0
28,2026-07-17 07:01:33,7508.75,57,57,22,0
28,2026-07-17 07:01:33,7508.5,27,26,0,0
28,2026-07-17 07:01:33,7508.25,15,0,10,0
29,2026-07-17 07:20:11,7508.25,230,194,10,0
29,2026-07-17 07:20:11,7508,226,412,0,20
29,2026-07-17 07:20:11,7508.5,221,386,0,0
29,2026-07-17 07:20:11,7508.75,246,332,20,0
29,2026-07-17 07:20:11,7507.75,263,312,10,0
29,2026-07-17 07:20:11,7507.5,269,470,0,169
29,2026-07-17 07:20:11,7509,269,255,51,0
29,2026-07-17 07:20:11,7509.25,194,291,0,18
29,2026-07-17 07:20:11,7509.5,115,236,0,10
29,2026-07-17 07:20:11,7509.75,69,104,0,0
29,2026-07-17 07:20:11,7510,29,41,0,0
29,2026-07-17 07:20:11,7510.25,76,68,0,0
29,2026-07-17 07:20:11,7510.5,70,86,0,0
29,2026-07-17 07:20:11,7510.75,84,96,0,0
29,2026-07-17 07:20:11,7511,77,144,15,0
29,2026-07-17 07:20:11,7511.25,23,33,0,0
29,2026-07-17 07:20:11,7511.5,43,39,0,0
29,2026-07-17 07:20:11,7511.75,54,45,0,0
29,2026-07-17 07:20:11,7512,36,84,0,10
29,2026-07-17 07:20:11,7512.25,23,20,19,0
29,2026-07-17 07:20:11,7512.5,0,5,0,0
29,2026-07-17 07:20:11,7507.25,144,72,0,0
29,2026-07-17 07:20:11,7507,13,0,0,0
30,2026-07-17 07:36:47,7508.75,164,161,0,0
30,2026-07-17 07:36:47,7509,160,484,0,166
30,2026-07-17 07:36:47,7508.5,111,384,13,252
30,2026-07-17 07:36:47,7508.25,179,383,0,0
30,2026-07-17 07:36:47,7508,219,182,10,0
30,2026-07-17 07:36:47,7507.75,177,169,14,20
30,2026-07-17 07:36:47,7507.5,106,193,0,0
30,2026-07-17 07:36:47,7507.25,202,264,0,10
30,2026-07-17 07:36:47,7507,265,287,56,0
30,2026-07-17 07:36:47,7506.75,186,286,0,50
30,2026-07-17 07:36:47,7506.5,184,153,0,20
30,2026-07-17 07:36:47,7509.25,146,166,0,0
30,2026-07-17 07:36:47,7509.5,120,103,12,0
30,2026-07-17 07:36:47,7509.75,58,90,21,0
30,2026-07-17 07:36:47,7506.25,75,65,0,19
30,2026-07-17 07:36:47,7506,111,82,20,11
30,2026-07-17 07:36:47,7505.75,60,76,0,10
30,2026-07-17 07:36:47,7505.5,47,43,0,0
30,2026-07-17 07:36:47,7505.25,24,63,0,0
30,2026-07-17 07:36:47,7510,16,40,0,0
30,2026-07-17 07:36:47,7510.25,7,26,0,0
30,2026-07-17 07:36:47,7510.5,5,20,0,0
30,2026-07-17 07:36:47,7510.75,0,24,0,0
30,2026-07-17 07:36:47,7511,0,21,0,0
30,2026-07-17 07:36:47,7511.25,2,34,0,0
30,2026-07-17 07:36:47,7511.5,0,20,0,0
30,2026-07-17 07:36:47,7511.75,0,19,0,0
30,2026-07-17 07:36:47,7512,0,30,0,0
30,2026-07-17 07:36:47,7512.25,0,9,0,0
31,2026-07-17 07:48:20,7507.5,43,66,0,18
31,2026-07-17 07:48:20,7507.25,45,62,0,0
31,2026-07-17 07:48:20,7507,87,67,0,0
31,2026-07-17 07:48:20,7506.75,71,89,0,0
31,2026-07-17 07:48:20,7507.75,75,40,10,0
31,2026-07-17 07:48:20,7506.5,137,224,0,12
31,2026-07-17 07:48:20,7506.25,207,191,10,10
31,2026-07-17 07:48:20,7506,149,182,0,42
31,2026-07-17 07:48:20,7505.75,152,86,0,0
31,2026-07-17 07:48:20,7505.5,89,42,0,0
31,2026-07-17 07:48:20,7505.25,79,98,0,0
31,2026-07-17 07:48:20,7505,213,70,55,0
31,2026-07-17 07:48:20,7504.75,162,190,0,0
31,2026-07-17 07:48:20,7504.5,314,294,10,28
31,2026-07-17 07:48:20,7504.25,209,125,0,0
31,2026-07-17 07:48:20,7504,139,180,0,0
31,2026-07-17 07:48:20,7503.75,192,202,30,0
31,2026-07-17 07:48:20,7503.5,115,174,0,46
31,2026-07-17 07:48:20,7503.25,234,155,0,0
31,2026-07-17 07:48:20,7503,149,78,50,0
31,2026-07-17 07:48:20,7502.75,128,46,35,0
31,2026-07-17 07:48:20,7502.5,56,0,15,0
31,2026-07-17 07:48:20,7508,63,79,0,0
31,2026-07-17 07:48:20,7508.25,20,8,0,0
31,2026-07-17 07:48:20,7508.5,0,5,0,0
31,2026-07-17 07:48:20,7502.25,23,84,0,35
31,2026-07-17 07:48:20,7502,125,76,0,0
31,2026-07-17 07:48:20,7501.75,110,72,0,0
31,2026-07-17 07:48:20,7501.5,64,39,0,0
31,2026-07-17 07:48:20,7501.25,15,11,0,0
32,2026-07-17 08:01:09,7501.5,8,1,0,0
32,2026-07-17 08:01:09,7501.25,14,21,0,0
32,2026-07-17 08:01:09,7501,146,36,84,0
32,2026-07-17 08:01:09,7500.75,167,81,98,0
32,2026-07-17 08:01:09,7500.5,148,124,11,0
32,2026-07-17 08:01:09,7500.25,196,123,45,0
32,2026-07-17 08:01:09,7500,155,121,0,0
32,2026-07-17 08:01:09,7499.75,143,122,0,0
32,2026-07-17 08:01:09,7499.5,211,207,0,0
32,2026-07-17 08:01:09,7499.25,311,386,0,37
32,2026-07-17 08:01:09,7499,477,591,0,126
32,2026-07-17 08:01:09,7498.75,367,402,0,54
32,2026-07-17 08:01:09,7498.5,311,173,31,23
32,2026-07-17 08:01:09,7498.25,139,125,0,0
32,2026-07-17 08:01:09,7498,79,3,42,0
32,2026-07-17 08:01:09,7497.75,10,1,0,0
32,2026-07-17 08:01:09,7497.5,47,26,0,0
32,2026-07-17 08:01:09,7497.25,58,19,15,0
32,2026-07-17 08:01:09,7497,56,118,0,36
32,2026-07-17 08:01:09,7496.75,98,178,27,47
32,2026-07-17 08:01:09,7496.5,105,7,41,0
32,2026-07-17 08:01:09,7496.25,71,96,0,18
32,2026-07-17 08:01:09,7496,67,47,0,0
32,2026-07-17 08:01:09,7495.75,38,66,0,44
32,2026-07-17 08:01:09,7495.5,4,0,0,0
33,2026-07-17 08:07:12,7495.75,71,438,0,66
33,2026-07-17 08:07:12,7495.5,169,183,0,0
33,2026-07-17 08:07:12,7495.25,307,493,11,132
33,2026-07-17 08:07:12,7495,496,314,73,26
33,2026-07-17 08:07:12,7494.75,422,1354,31,376
33,2026-07-17 08:07:12,7494.5,649,439,38,10
33,2026-07-17 08:07:12,7494.25,370,250,0,0
33,2026-07-17 08:07:12,7496,31,109,0,0
33,2026-07-17 08:07:12,7496.25,12,67,0,0
33,2026-07-17 08:07:12,7496.5,13,20,0,0
33,2026-07-17 08:07:12,7494,190,44,33,0
33,2026-07-17 08:07:12,7493.75,41,13,0,0
33,2026-07-17 08:07:12,7493.5,5,0,0,0
34,2026-07-17 08:12:39,7494.5,170,144,15,0
34,2026-07-17 08:12:39,7494.25,271,265,53,0
34,2026-07-17 08:12:39,7494,414,335,20,23
34,2026-07-17 08:12:39,7493.75,272,363,57,0
34,2026-07-17 08:12:39,7493.5,389,273,28,10
34,2026-07-17 08:12:39,7493.25,258,236,15,18
34,2026-07-17 08:12:39,7493,148,135,0,0
34,2026-07-17 08:12:39,7492.75,162,115,15,0
34,2026-07-17 08:12:39,7492.5,114,65,0,0
34,2026-07-17 08:12:39,7492.25,92,55,0,0
34,2026-07-17 08:12:39,7494.75,93,136,0,0
34,2026-07-17 08:12:39,7495,127,93,20,0
34,2026-07-17 08:12:39,7492,98,78,20,0
34,2026-07-17 08:12:39,7491.75,140,153,0,0
34,2026-07-17 08:12:39,7491.5,211,109,0,0
34,2026-07-17 08:12:39,7491.25,98,92,10,0
34,2026-07-17 08:12:39,7491,49,20,0,0
34,2026-07-17 08:12:39,7490.75,36,15,10,0
34,2026-07-17 08:12:39,7490.5,32,16,0,0
34,2026-07-17 08:12:39,7495.25,61,122,0,0
34,2026-07-17 08:12:39,7495.5,92,39,15,0
34,2026-07-17 08:12:39,7495.75,64,61,0,25
34,2026-07-17 08:12:39,7496,60,36,23,0
34,2026-07-17 08:12:39,7496.25,28,44,0,0
34,2026-07-17 08:12:39,7496.5,0,10,0,0
35,2026-07-17 08:19:13,7494,41,6,18,0
35,2026-07-17 08:19:13,7494.25,13,25,0,0
35,2026-07-17 08:19:13,7494.5,0,9,0,0
35,2026-07-17 08:19:13,7493.75,30,33,0,0
35,2026-07-17 08:19:13,7493.5,44,21,0,0
35,2026-07-17 08:19:13,7493.25,44,25,10,0
35,2026-07-17 08:19:13,7493,28,30,0,0
35,2026-07-17 08:19:13,7492.75,61,31,11,0
35,2026-07-17 08:19:13,7492.5,83,83,13,0
35,2026-07-17 08:19:13,7492.25,112,71,0,0
35,2026-07-17 08:19:13,7492,117,141,13,0
35,2026-07-17 08:19:13,7491.75,145,82,13,0
35,2026-07-17 08:19:13,7491.5,84,43,25,0
35,2026-07-17 08:19:13,7491.25,107,108,0,29
35,2026-07-17 08:19:13,7491,111,70,0,0
35,2026-07-17 08:19:13,7490.75,71,17,13,0
35,2026-07-17 08:19:13,7490.5,13,3,0,0
35,2026-07-17 08:19:13,7490.25,44,19,0,0
35,2026-07-17 08:19:13,7490,107,68,25,0
35,2026-07-17 08:19:13,7489.75,110,152,0,20
35,2026-07-17 08:19:13,7489.5,236,110,25,0
35,2026-07-17 08:19:13,7489.25,167,84,0,0
35,2026-07-17 08:19:13,7489,140,104,0,0
35,2026-07-17 08:19:13,7488.75,202,111,0,0
35,2026-07-17 08:19:13,7488.5,151,108,0,0
35,2026-07-17 08:19:13,7488.25,184,127,79,21
35,2026-07-17 08:19:13,7488,182,161,0,0
35,2026-07-17 08:19:13,7487.75,315,277,52,39
35,2026-07-17 08:19:13,7487.5,284,372,14,49
35,2026-07-17 08:19:13,7487.25,301,267,10,32
35,2026-07-17 08:19:13,7487,181,37,64,13
35,2026-07-17 08:19:13,7486.75,7,0,0,0
36,2026-07-17 08:25:00,7489.25,41,40,0,0
36,2026-07-17 08:25:00,7489.5,68,28,10,0
36,2026-07-17 08:25:00,7489,66,55,0,0
36,2026-07-17 08:25:00,7489.75,51,67,0,0
36,2026-07-17 08:25:00,7490,134,151,21,0
36,2026-07-17 08:25:00,7488.75,43,38,0,0
36,2026-07-17 08:25:00,7488.5,41,62,0,0
36,2026-07-17 08:25:00,7488.25,76,97,0,18
36,2026-07-17 08:25:00,7488,74,55,0,0
36,2026-07-17 08:25:00,7487.75,78,40,0,0
36,2026-07-17 08:25:00,7487.5,70,46,0,0
36,2026-07-17 08:25:00,7487.25,23,6,0,0
36,2026-07-17 08:25:00,7490.25,62,167,0,43
36,2026-07-17 08:25:00,7490.5,69,68,0,0
36,2026-07-17 08:25:00,7490.75,85,140,0,0
36,2026-07-17 08:25:00,7491,112,120,0,0
36,2026-07-17 08:25:00,7491.25,94,113,0,0
36,2026-07-17 08:25:00,7491.5,96,108,0,46
36,2026-07-17 08:25:00,7491.75,118,162,0,26
36,2026-07-17 08:25:00,7492,114,153,0,60
36,2026-07-17 08:25:00,7492.25,137,131,0,0
36,2026-07-17 08:25:00,7492.5,235,328,0,10
36,2026-07-17 08:25:00,7492.75,394,406,146,27
36,2026-07-17 08:25:00,7493,67,215,0,26
36,2026-07-17 08:25:00,7493.25,88,122,12,0
36,2026-07-17 08:25:00,7493.5,0,61,0,25
36,2026-07-17 08:25:00,7493.75,0,26,0,0
36,2026-07-17 08:25:00,7494,0,26,0,0
36,2026-07-17 08:25:00,7494.25,0,31,0,0
36,2026-07-17 08:25:00,7494.5,0,30,0,0
36,2026-07-17 08:25:00,7487,32,58,0,10
36,2026-07-17 08:25:00,7486.75,39,57,0,13
36,2026-07-17 08:25:00,7486.5,52,28,10,0
36,2026-07-17 08:25:00,7486.25,46,20,10,0
36,2026-07-17 08:25:00,7486,35,16,0,0
36,2026-07-17 08:25:00,7485.75,44,40,0,0
36,2026-07-17 08:25:00,7485.5,74,34,19,0
36,2026-07-17 08:25:00,7485.25,62,44,0,0
36,2026-07-17 08:25:00,7485,92,15,0,0
36,2026-07-17 08:25:00,7484.75,22,2,0,0
36,2026-07-17 08:25:00,7484.5,22,47,0,0
36,2026-07-17 08:25:00,7484.25,24,23,0,0
36,2026-07-17 08:25:00,7484,39,6,0,0
37,2026-07-17 08:27:49,7484.5,68,60,0,0
37,2026-07-17 08:27:49,7484.75,62,64,0,0
37,2026-07-17 08:27:49,7485,72,72,13,0
37,2026-07-17 08:27:49,7484.25,52,80,0,0
37,2026-07-17 08:27:49,7484,32,11,0,0
37,2026-07-17 08:27:49,7483.75,13,0,0,0
37,2026-07-17 08:27:49,7485.25,118,131,0,22
37,2026-07-17 08:27:49,7485.5,72,171,0,37
37,2026-07-17 08:27:49,7485.75,122,176,10,53
37,2026-07-17 08:27:49,7486,124,146,30,0
37,2026-07-17 08:27:49,7486.25,183,220,39,44
37,2026-07-17 08:27:49,7486.5,216,193,39,15
37,2026-07-17 08:27:49,7486.75,184,155,11,28
37,2026-07-17 08:27:49,7487,205,167,82,28
37,2026-07-17 08:27:49,7487.25,145,63,47,0
37,2026-07-17 08:27:49,7487.5,141,78,12,32
37,2026-07-17 08:27:49,7487.75,357,188,120,0
37,2026-07-17 08:27:49,7488,426,423,139,78
37,2026-07-17 08:27:49,7488.25,191,248,23,50
37,2026-07-17 08:27:49,7488.5,325,200,62,46
37,2026-07-17 08:27:49,7488.75,132,200,0,54
37,2026-07-17 08:27:49,7489,60,67,0,0
37,2026-07-17 08:27:49,7489.25,31,44,0,0
37,2026-07-17 08:27:49,7489.5,0,12,0,0
38,2026-07-17 08:29:15,7486,550,301,135,35
38,2026-07-17 08:29:15,7486.25,382,239,52,16
38,2026-07-17 08:29:15,7486.5,341,341,66,14
38,2026-07-17 08:29:15,7486.75,124,199,36,26
38,2026-07-17 08:29:15,7487,77,88,0,0
38,2026-07-17 08:29:15,7487.25,20,94,0,11
38,2026-07-17 08:29:15,7485.75,369,289,41,67
38,2026-07-17 08:29:15,7485.5,256,307,35,62
38,2026-07-17 08:29:15,7485.25,286,297,31,35
38,2026-07-17 08:29:15,7485,292,361,41,65
38,2026-07-17 08:29:15,7484.75,274,194,15,44
38,2026-07-17 08:29:15,7484.5,93,54,0,0
38,2026-07-17 08:29:15,7487.5,0,39,0,25
38,2026-07-17 08:29:15,7484.25,65,97,0,16
38,2026-07-17 08:29:15,7484,114,90,22,0
38,2026-07-17 08:29:15,7483.75,128,35,38,0
38,2026-07-17 08:29:15,7483.5,42,35,11,15
38,2026-07-17 08:29:15,7483.25,27,0,0,0
39,2026-07-17 08:30:00,7485.5,57,13,12,0
39,2026-07-17 08:30:00,7485.25,4,0,0,0
39,2026-07-17 08:30:00,7485.75,139,70,10,0
39,2026-07-17 08:30:00,7486,48,34,0,0
39,2026-07-17 08:30:00,7486.25,118,52,10,0
39,2026-07-17 08:30:00,7486.5,186,127,20,0
39,2026-07-17 08:30:00,7486.75,166,203,0,0
39,2026-07-17 08:30:00,7487,189,203,16,0
39,2026-07-17 08:30:00,7487.25,197,217,0,0
39,2026-07-17 08:30:00,7487.5,273,345,22,35
39,2026-07-17 08:30:00,7487.75,220,250,17,0
39,2026-07-17 08:30:00,7488,353,181,12,0
39,2026-07-17 08:30:00,7488.25,211,210,18,0
39,2026-07-17 08:30:00,7488.5,250,260,43,24
39,2026-07-17 08:30:00,7488.75,334,235,61,0
39,2026-07-17 08:30:00,7489,222,210,14,11
39,2026-07-17 08:30:00,7489.25,135,163,0,0
39,2026-07-17 08:30:00,7489.5,148,148,0,0
39,2026-07-17 08:30:00,7489.75,69,109,0,0
39,2026-07-17 08:30:00,7490,74,77,22,0
40,2026-07-17 08:30:16,7486.5,20,50,0,0
40,2026-07-17 08:30:16,7486.25,87,93,0,10
40,2026-07-17 08:30:16,7486,138,149,10,19
40,2026-07-17 08:30:16,7485.75,145,206,0,0
40,2026-07-17 08:30:16,7485.5,397,445,19,17
40,2026-07-17 08:30:16,7485.25,396,258,21,0
40,2026-07-17 08:30:16,7485,373,299,16,0
40,2026-07-17 08:30:16,7484.75,255,151,41,0
40,2026-07-17 08:30:16,7484.5,265,174,0,0
40,2026-07-17 08:30:16,7484.25,106,162,0,29
40,2026-07-17 08:30:16,7484,199,229,17,10
40,2026-07-17 08:30:16,7483.75,221,178,0,0
40,2026-07-17 08:30:16,7483.5,174,128,0,12
40,2026-07-17 08:30:16,7483.25,83,46,0,0
40,2026-07-17 08:30:16,7483,86,63,0,0
40,2026-07-17 08:30:16,7482.75,59,31,0,0
40,2026-07-17 08:30:16,7482.5,15,0,0,0
40,2026-07-17 08:30:16,7486.75,48,44,0,0
40,2026-07-17 08:30:16,7487,61,52,0,0
40,2026-07-17 08:30:16,7487.25,41,63,0,0
40,2026-07-17 08:30:16,7487.5,99,76,0,0
40,2026-07-17 08:30:16,7487.75,97,75,12,0
40,2026-07-17 08:30:16,7488,62,47,0,0
40,2026-07-17 08:30:16,7488.25,24,30,0,0
41,2026-07-17 08:30:49,7487.75,282,279,10,0
41,2026-07-17 08:30:49,7488,396,352,19,10
41,2026-07-17 08:30:49,7488.25,453,523,15,29
41,2026-07-17 08:30:49,7488.5,527,557,19,0
41,2026-07-17 08:30:49,7488.75,301,390,42,10
41,2026-07-17 08:30:49,7489,175,273,0,0
41,2026-07-17 08:30:49,7489.25,80,103,0,0
41,2026-07-17 08:30:49,7487.5,391,356,10,70
41,2026-07-17 08:30:49,7487.25,334,174,33,0
41,2026-07-17 08:30:49,7487,107,55,0,0
41,2026-07-17 08:30:49,7486.75,9,0,0,0
41,2026-07-17 08:30:49,7489.5,46,94,0,0
41,2026-07-17 08:30:49,7489.75,44,132,0,15
41,2026-07-17 08:30:49,7490,5,56,0,0
41,2026-07-17 08:30:49,7490.25,0,6,0,0
42,2026-07-17 08:31:31,7490.25,119,102,0,0
42,2026-07-17 08:31:31,7490.5,117,120,0,0
42,2026-07-17 08:31:31,7490.75,14,34,0,0
42,2026-07-17 08:31:31,7491,21,21,0,0
42,2026-07-17 08:31:31,7491.25,0,23,0,0
42,2026-07-17 08:31:31,7490,175,180,0,15
42,2026-07-17 08:31:31,7489.75,246,231,12,29
42,2026-07-17 08:31:31,7489.5,203,130,0,0
42,2026-07-17 08:31:31,7489.25,86,118,19,10
42,2026-07-17 08:31:31,7489,160,178,0,0
42,2026-07-17 08:31:31,7488.75,185,181,0,0
42,2026-07-17 08:31:31,7488.5,184,169,0,0
42,2026-07-17 08:31:31,7488.25,154,138,28,0
42,2026-07-17 08:31:31,7488,227,279,20,0
42,2026-07-17 08:31:31,7487.75,223,292,0,0
42,2026-07-17 08:31:31,7487.5,222,311,0,0
42,2026-07-17 08:31:31,7487.25,322,306,50,0
42,2026-07-17 08:31:31,7487,200,135,0,0
42,2026-07-17 08:31:31,7486.75,148,84,68,10
42,2026-07-17 08:31:31,7486.5,151,89,50,0
42,2026-07-17 08:31:31,7486.25,93,68,0,0
42,2026-07-17 08:31:31,7486,41,20,0,0
43,2026-07-17 08:32:12,7488,199,177,10,0
43,2026-07-17 08:32:12,7487.75,185,130,0,0
43,2026-07-17 08:32:12,7487.5,87,19,0,0
43,2026-07-17 08:32:12,7488.25,268,250,0,0
43,2026-07-17 08:32:12,7488.5,192,182,20,0
43,2026-07-17 08:32:12,7488.75,180,182,13,0
43,2026-07-17 08:32:12,7489,114,133,0,0
43,2026-07-17 08:32:12,7489.25,137,111,0,0
43,2026-07-17 08:32:12,7489.5,55,82,0,0
43,2026-07-17 08:32:12,7489.75,54,44,0,0
43,2026-07-17 08:32:12,7487.25,36,63,0,0
43,2026-07-17 08:32:12,7490,21,53,0,0
43,2026-07-17 08:32:12,7487,131,154,33,0
43,2026-07-17 08:32:12,7486.75,150,143,0,0
43,2026-07-17 08:32:12,7486.5,139,150,0,0
43,2026-07-17 08:32:12,7486.25,80,89,0,0
43,2026-07-17 08:32:12,7486,101,12,50,0
43,2026-07-17 08:32:12,7485.75,22,13,0,0
43,2026-07-17 08:32:12,7485.5,30,23,0,0
43,2026-07-17 08:32:12,7485.25,116,94,0,0
43,2026-07-17 08:32:12,7485,136,54,61,0
43,2026-07-17 08:32:12,7484.75,65,99,0,0
43,2026-07-17 08:32:12,7484.5,178,219,22,0
43,2026-07-17 08:32:12,7484.25,248,238,0,0
43,2026-07-17 08:32:12,7484,157,93,30,0
43,2026-07-17 08:32:12,7483.75,99,93,15,0
43,2026-07-17 08:32:12,7483.5,213,180,23,0
43,2026-07-17 08:32:12,7483.25,9,0,0,0
44,2026-07-17 08:33:05,7483.75,182,128,45,0
44,2026-07-17 08:33:05,7483.5,121,78,0,0
44,2026-07-17 08:33:05,7483.25,258,88,131,0
44,2026-07-17 08:33:05,7484,295,268,17,26
44,2026-07-17 08:33:05,7484.25,177,299,0,11
44,2026-07-17 08:33:05,7484.5,214,298,13,27
44,2026-07-17 08:33:05,7484.75,65,93,0,0
44,2026-07-17 08:33:05,7483,264,153,69,25
44,2026-07-17 08:33:05,7482.75,180,158,0,0
44,2026-07-17 08:33:05,7482.5,162,105,0,0
44,2026-07-17 08:33:05,7482.25,119,21,12,0
44,2026-07-17 08:33:05,7482,58,13,0,0
44,2026-07-17 08:33:05,7481.75,55,4,0,0
44,2026-07-17 08:33:05,7481.5,94,92,29,0
44,2026-07-17 08:33:05,7481.25,54,3,0,0
44,2026-07-17 08:33:05,7481,91,20,48,0
44,2026-07-17 08:33:05,7480.75,65,63,0,0
44,2026-07-17 08:33:05,7480.5,111,44,20,0
44,2026-07-17 08:33:05,7480.25,125,68,0,0
44,2026-07-17 08:33:05,7480,345,167,48,0
44,2026-07-17 08:33:05,7479.75,233,212,0,0
44,2026-07-17 08:33:05,7479.5,117,73,0,0
44,2026-07-17 08:33:05,7479.25,153,120,35,0
44,2026-07-17 08:33:05,7479,221,104,32,0
44,2026-07-17 08:33:05,7478.75,62,18,0,0
44,2026-07-17 08:33:05,7478.5,4,0,0,0
45,2026-07-17 08:33:55,7478.75,55,33,0,0
45,2026-07-17 08:33:55,7479,0,8,0,0
45,2026-07-17 08:33:55,7478.5,100,67,30,0
45,2026-07-17 08:33:55,7478.25,166,201,34,39
45,2026-07-17 08:33:55,7478,253,198,41,22
45,2026-07-17 08:33:55,7477.75,242,213,34,10
45,2026-07-17 08:33:55,7477.5,202,292,0,30
45,2026-07-17 08:33:55,7477.25,326,311,38,13
45,2026-07-17 08:33:55,7477,419,464,11,39
45,2026-07-17 08:33:55,7476.75,433,487,46,35
45,2026-07-17 08:33:55,7476.5,352,321,14,0
45,2026-07-17 08:33:55,7476.25,236,134,42,0
45,2026-07-17 08:33:55,7476,131,69,15,0
45,2026-07-17 08:33:55,7475.75,60,78,0,0
45,2026-07-17 08:33:55,7475.5,146,160,27,15
45,2026-07-17 08:33:55,7475.25,70,112,0,0
45,2026-07-17 08:33:55,7475,160,0,24,0
46,2026-07-17 08:34:42,7477.5,99,156,0,0
46,2026-07-17 08:34:42,7477.75,180,155,20,0
46,2026-07-17 08:34:42,7478,74,96,0,0
46,2026-07-17 08:34:42,7478.25,225,230,44,10
46,2026-07-17 08:34:42,7478.5,145,168,10,0
46,2026-07-17 08:34:42,7478.75,84,87,0,0
46,2026-07-17 08:34:42,7479,72,102,0,15
46,2026-07-17 08:34:42,7479.25,22,42,0,0
46,2026-07-17 08:34:42,7479.5,0,4,0,0
46,2026-07-17 08:34:42,7477.25,92,165,14,0
46,2026-07-17 08:34:42,7477,161,138,31,19
46,2026-07-17 08:34:42,7476.75,77,63,0,0
46,2026-07-17 08:34:42,7476.5,46,58,0,0
46,2026-07-17 08:34:42,7476.25,96,161,25,56
46,2026-07-17 08:34:42,7476,201,282,59,15
46,2026-07-17 08:34:42,7475.75,284,526,0,43
46,2026-07-17 08:34:42,7475.5,405,447,15,0
46,2026-07-17 08:34:42,7475.25,418,362,17,23
46,2026-07-17 08:34:42,7475,372,64,93,0
46,2026-07-17 08:34:42,7474.75,88,6,18,0
46,2026-07-17 08:34:42,7474.5,38,0,0,0
47,2026-07-17 08:35:25,7474.5,556,598,50,0
47,2026-07-17 08:35:25,7474.75,518,456,13,23
47,2026-07-17 08:35:25,7474.25,673,694,117,10
47,2026-07-17 08:35:25,7475,120,260,0,0
47,2026-07-17 08:35:25,7474,454,245,76,10
47,2026-07-17 08:35:25,7473.75,247,200,35,0
47,2026-07-17 08:35:25,7473.5,155,152,0,10
47,2026-07-17 08:35:25,7473.25,90,61,0,0
47,2026-07-17 08:35:25,7473,22,0,0,0
47,2026-07-17 08:35:25,7475.25,73,78,0,0
47,2026-07-17 08:35:25,7475.5,73,134,0,13
47,2026-07-17 08:35:25,7475.75,38,40,0,0
47,2026-07-17 08:35:25,7476,7,25,0,0
47,2026-07-17 08:35:25,7476.25,0,15,0,0
47,2026-07-17 08:35:25,7476.5,11,9,0,0
47,2026-07-17 08:35:25,7476.75,33,33,0,0
47,2026-07-17 08:35:25,7477,52,47,0,0
47,2026-07-17 08:35:25,7477.25,67,90,0,0
47,2026-07-17 08:35:25,7477.5,56,55,0,0
47,2026-07-17 08:35:25,7477.75,21,34,0,0
47,2026-07-17 08:35:25,7478,6,15,0,0
48,2026-07-17 08:36:10,7477.5,148,138,25,0
48,2026-07-17 08:36:10,7477.75,143,171,10,0
48,2026-07-17 08:36:10,7477.25,179,308,0,0
48,2026-07-17 08:36:10,7477,319,239,10,14
48,2026-07-17 08:36:10,7476.75,160,57,0,0
48,2026-07-17 08:36:10,7478,60,102,0,0
48,2026-07-17 08:36:10,7478.25,202,105,54,0
48,2026-07-17 08:36:10,7478.5,246,210,0,0
48,2026-07-17 08:36:10,7478.75,102,151,0,0
48,2026-07-17 08:36:10,7479,37,130,0,20
48,2026-07-17 08:36:10,7479.25,46,57,0,0
48,2026-07-17 08:36:10,7479.5,8,23,0,0
48,2026-07-17 08:36:10,7476.5,112,166,0,23
48,2026-07-17 08:36:10,7476.25,171,155,0,0
48,2026-07-17 08:36:10,7476,117,89,30,0
48,2026-07-17 08:36:10,7475.75,109,50,0,0
48,2026-07-17 08:36:10,7475.5,131,122,11,0
48,2026-07-17 08:36:10,7475.25,215,269,0,20
48,2026-07-17 08:36:10,7475,443,357,65,0
48,2026-07-17 08:36:10,7474.75,80,101,0,12
48,2026-07-17 08:36:10,7474.5,56,68,0,0
48,2026-07-17 08:36:10,7474.25,26,72,0,0
48,2026-07-17 08:36:10,7474,76,53,10,0
48,2026-07-17 08:36:10,7473.75,53,62,0,0
48,2026-07-17 08:36:10,7473.5,6,0,0,0
49,2026-07-17 08:37:00,7475,187,184,0,0
49,2026-07-17 08:37:00,7475.25,171,223,0,0
49,2026-07-17 08:37:00,7474.75,37,68,10,0
49,2026-07-17 08:37:00,7475.5,234,212,0,25
49,2026-07-17 08:37:00,7475.75,452,379,27,0
49,2026-07-17 08:37:00,7476,531,481,0,0
49,2026-07-17 08:37:00,7476.25,264,341,18,0
49,2026-07-17 08:37:00,7476.5,322,297,0,0
49,2026-07-17 08:37:00,7476.75,434,449,0,0
49,2026-07-17 08:37:00,7474.5,71,105,0,0
49,2026-07-17 08:37:00,7474.25,70,87,0,0
49,2026-07-17 08:37:00,7474,12,0,0,0
49,2026-07-17 08:37:00,7477,212,264,10,0
49,2026-07-17 08:37:00,7477.25,132,81,0,0
49,2026-07-17 08:37:00,7477.5,61,130,0,15
49,2026-07-17 08:37:00,7477.75,0,9,0,0
50,2026-07-17 08:38:09,7477,228,155,0,0
50,2026-07-17 08:38:09,7477.25,211,368,0,72
50,2026-07-17 08:38:09,7477.5,287,340,0,37
50,2026-07-17 08:38:09,7477.75,311,267,25,0
50,2026-07-17 08:38:09,7478,144,304,0,18
50,2026-07-17 08:38:09,7476.75,99,102,0,0
50,2026-07-17 08:38:09,7476.5,100,114,0,0
50,2026-07-17 08:38:09,7476.25,119,50,10,0
50,2026-07-17 08:38:09,7476,80,89,0,0
50,2026-07-17 08:38:09,7475.75,171,174,0,0
50,2026-07-17 08:38:09,7475.5,98,73,0,0
50,2026-07-17 08:38:09,7475.25,19,19,0,0
50,2026-07-17 08:38:09,7478.25,116,76,0,0
50,2026-07-17 08:38:09,7478.5,75,190,0,0
50,2026-07-17 08:38:09,7478.75,77,83,0,0
50,2026-07-17 08:38:09,7479,182,168,0,0
50,2026-07-17 08:38:09,7479.25,216,200,0,25
50,2026-07-17 08:38:09,7479.5,245,121,27,0
50,2026-07-17 08:38:09,7479.75,100,153,0,0
50,2026-07-17 08:38:09,7480,123,85,38,0
50,2026-07-17 08:38:09,7480.25,82,158,0,10
50,2026-07-17 08:38:09,7480.5,23,101,0,0
50,2026-07-17 08:38:09,7480.75,0,4,0,0
51,2026-07-17 08:39:09,7479,499,519,13,10
51,2026-07-17 08:39:09,7479.25,282,347,20,0
51,2026-07-17 08:39:09,7478.75,443,441,0,10
51,2026-07-17 08:39:09,7478.5,270,200,23,11
51,2026-07-17 08:39:09,7479.5,138,279,0,0
51,2026-07-17 08:39:09,7478.25,163,148,0,0
51,2026-07-17 08:39:09,7478,218,243,10,18
51,2026-07-17 08:39:09,7477.75,106,83,11,0
51,2026-07-17 08:39:09,7477.5,30,54,14,0
51,2026-07-17 08:39:09,7477.25,49,54,0,0
51,2026-07-17 08:39:09,7477,20,28,0,0
51,2026-07-17 08:39:09,7476.75,37,21,0,0
51,2026-07-17 08:39:09,7476.5,3,0,0,0
51,2026-07-17 08:39:09,7479.75,122,93,0,0
51,2026-07-17 08:39:09,7480,50,143,0,25
51,2026-07-17 08:39:09,7480.25,118,74,0,0
51,2026-07-17 08:39:09,7480.5,140,86,39,0
51,2026-07-17 08:39:09,7480.75,66,135,0,0
51,2026-07-17 08:39:09,7481,76,145,0,11
51,2026-07-17 08:39:09,7481.25,90,86,10,0
51,2026-07-17 08:39:09,7481.5,93,81,0,0
51,2026-07-17 08:39:09,7481.75,81,138,20,0
51,2026-07-17 08:39:09,7482,0,7,0,0
52,2026-07-17 08:39:59,7480.5,61,123,0,55
52,2026-07-17 08:39:59,7480.75,31,62,0,0
52,2026-07-17 08:39:59,7480.25,77,39,0,0
52,2026-07-17 08:39:59,7480,60,50,0,0
52,2026-07-17 08:39:59,7479.75,123,60,0,0
52,2026-07-17 08:39:59,7479.5,103,149,0,0
52,2026-07-17 08:39:59,7479.25,188,103,10,0
52,2026-07-17 08:39:59,7479,135,14,0,0
52,2026-07-17 08:39:59,7478.75,35,0,0,0
52,2026-07-17 08:39:59,7481,22,15,0,0
52,2026-07-17 08:39:59,7481.25,27,43,0,0
52,2026-07-17 08:39:59,7481.5,33,35,0,0
52,2026-07-17 08:39:59,7481.75,118,106,0,0
52,2026-07-17 08:39:59,7482,130,121,0,0
52,2026-07-17 08:39:59,7482.25,161,167,0,0
52,2026-07-17 08:39:59,7482.5,154,107,0,0
52,2026-07-17 08:39:59,7482.75,110,129,10,0
52,2026-07-17 08:39:59,7483,39,46,0,0
52,2026-07-17 08:39:59,7483.25,88,78,10,10
52,2026-07-17 08:39:59,7483.5,106,56,35,0
52,2026-07-17 08:39:59,7483.75,53,106,0,0
52,2026-07-17 08:39:59,7484,129,124,21,66
52,2026-07-17 08:39:59,7484.25,68,135,0,17
52,2026-07-17 08:39:59,7484.5,116,116,0,0
52,2026-07-17 08:39:59,7484.75,88,171,0,10
52,2026-07-17 08:39:59,7485,56,163,0,0
52,2026-07-17 08:39:59,7485.25,63,122,0,0
52,2026-07-17 08:39:59,7485.5,95,121,0,0
52,2026-07-17 08:39:59,7485.75,215,102,74,0
52,2026-07-17 08:39:59,7486,186,155,110,10
52,2026-07-17 08:39:59,7486.25,63,78,0,0
52,2026-07-17 08:39:59,7486.5,99,106,0,0
52,2026-07-17 08:39:59,7486.75,131,190,0,10
52,2026-07-17 08:39:59,7487,31,102,0,11
52,2026-07-17 08:39:59,7487.25,0,13,0,0
53,2026-07-17 08:40:31,7486.75,182,222,0,0
53,2026-07-17 08:40:31,7487,196,228,27,0
53,2026-07-17 08:40:31,7487.25,392,289,10,0
53,2026-07-17 08:40:31,7487.5,240,353,0,0
53,2026-07-17 08:40:31,7487.75,332,362,0,0
53,2026-07-17 08:40:31,7488,167,226,0,25
53,2026-07-17 08:40:31,7486.5,185,140,0,0
53,2026-07-17 08:40:31,7486.25,176,179,0,0
53,2026-07-17 08:40:31,7486,178,150,21,0
53,2026-07-17 08:40:31,7485.75,67,69,0,0
53,2026-07-17 08:40:31,7485.5,75,37,0,0
53,2026-07-17 08:40:31,7488.25,243,235,44,0
53,2026-07-17 08:40:31,7488.5,168,174,0,0
53,2026-07-17 08:40:31,7485.25,38,17,0,0
53,2026-07-17 08:40:31,7485,26,17,0,0
53,2026-07-17 08:40:31,7484.75,29,32,0,0
53,2026-07-17 08:40:31,7484.5,57,49,0,0
53,2026-07-17 08:40:31,7484.25,95,80,0,0
53,2026-07-17 08:40:31,7484,76,24,0,0
53,2026-07-17 08:40:31,7483.75,53,22,0,0
53,2026-07-17 08:40:31,7488.75,185,195,22,0
53,2026-07-17 08:40:31,7489,64,139,0,13
53,2026-07-17 08:40:31,7489.25,22,15,0,0
54,2026-07-17 08:41:25,7489.25,62,38,21,0
54,2026-07-17 08:41:25,7489,63,49,0,0
54,2026-07-17 08:41:25,7488.75,40,59,0,0
54,2026-07-17 08:41:25,7489.5,51,73,0,0
54,2026-07-17 08:41:25,7489.75,137,98,0,0
54,2026-07-17 08:41:25,7490,107,282,0,53
54,2026-07-17 08:41:25,7490.25,125,149,0,10
54,2026-07-17 08:41:25,7490.5,78,92,0,12
54,2026-07-17 08:41:25,7490.75,53,101,0,0
54,2026-07-17 08:41:25,7491,75,102,0,0
54,2026-07-17 08:41:25,7491.25,93,124,0,0
54,2026-07-17 08:41:25,7491.5,109,143,0,32
54,2026-07-17 08:41:25,7491.75,72,91,0,0
54,2026-07-17 08:41:25,7492,8,27,0,0
54,2026-07-17 08:41:25,7492.25,0,6,0,0
54,2026-07-17 08:41:25,7488.5,53,50,0,0
54,2026-07-17 08:41:25,7488.25,134,100,0,0
54,2026-07-17 08:41:25,7488,170,163,0,0
54,2026-07-17 08:41:25,7487.75,190,126,0,0
54,2026-07-17 08:41:25,7487.5,169,161,0,0
54,2026-07-17 08:41:25,7487.25,138,115,0,0
54,2026-07-17 08:41:25,7487,68,29,0,0
54,2026-07-17 08:41:25,7486.75,65,44,0,0
54,2026-07-17 08:41:25,7486.5,68,40,23,0
54,2026-07-17 08:41:25,7486.25,37,54,0,0
54,2026-07-17 08:41:25,7486,137,67,0,0
54,2026-07-17 08:41:25,7485.75,19,4,0,0
54,2026-07-17 08:41:25,7485.5,48,39,0,0
54,2026-07-17 08:41:25,7485.25,40,37,0,0
54,2026-07-17 08:41:25,7485,24,5,10,0
54,2026-07-17 08:41:25,7484.75,44,49,0,0
54,2026-07-17 08:41:25,7484.5,53,26,0,0
54,2026-07-17 08:41:25,7484.25,163,129,0,0
54,2026-07-17 08:41:25,7484,109,40,0,0
54,2026-07-17 08:41:25,7483.75,47,54,0,0
54,2026-07-17 08:41:25,7483.5,27,10,0,0
54,2026-07-17 08:41:25,7483.25,13,6,0,0
54,2026-07-17 08:41:25,7483,42,1,0,0
54,2026-07-17 08:41:25,7482.75,39,2,0,0
54,2026-07-17 08:41:25,7482.5,46,76,0,0
54,2026-07-17 08:41:25,7482.25,136,86,0,0
54,2026-07-17 08:41:25,7482,42,31,0,0
54,2026-07-17 08:41:25,7481.75,31,18,0,0
54,2026-07-17 08:41:25,7481.5,52,70,0,0
54,2026-07-17 08:41:25,7481.25,107,47,0,0
54,2026-07-17 08:41:25,7481,3,0,0,0
55,2026-07-17 08:42:22,7482,209,188,0,25
55,2026-07-17 08:42:22,7482.25,108,142,0,0
55,2026-07-17 08:42:22,7482.5,45,119,0,0
55,2026-07-17 08:42:22,7481.75,139,158,0,28
55,2026-07-17 08:42:22,7481.5,24,20,0,0
55,2026-07-17 08:42:22,7482.75,41,55,0,0
55,2026-07-17 08:42:22,7483,0,2,0,0
55,2026-07-17 08:42:22,7481.25,46,65,0,0
55,2026-07-17 08:42:22,7481,187,169,0,12
55,2026-07-17 08:42:22,7480.75,222,252,0,0
55,2026-07-17 08:42:22,7480.5,339,453,0,81
55,2026-07-17 08:42:22,7480.25,294,279,0,0
55,2026-07-17 08:42:22,7480,357,299,25,0
55,2026-07-17 08:42:22,7479.75,266,185,0,0
55,2026-07-17 08:42:22,7479.5,142,106,0,0
55,2026-07-17 08:42:22,7479.25,135,109,0,0
55,2026-07-17 08:42:22,7479,74,65,0,0
55,2026-07-17 08:42:22,7478.75,125,113,0,0
55,2026-07-17 08:42:22,7478.5,110,161,21,0
55,2026-07-17 08:42:22,7478.25,131,198,0,40
55,2026-07-17 08:42:22,7478,96,53,0,0
55,2026-07-17 08:42:22,7477.75,54,57,10,0
55,2026-07-17 08:42:22,7477.5,46,31,0,0
55,2026-07-17 08:42:22,7477.25,31,0,0,0
56,2026-07-17 08:43:38,7478.75,46,67,0,0
56,2026-07-17 08:43:38,7478.5,132,87,0,0
56,2026-07-17 08:43:38,7479,24,53,0,0
56,2026-07-17 08:43:38,7479.25,48,89,0,0
56,2026-07-17 08:43:38,7479.5,29,17,0,0
56,2026-07-17 08:43:38,7479.75,44,94,0,0
56,2026-07-17 08:43:38,7480,0,2,0,0
56,2026-07-17 08:43:38,7478.25,6,19,0,0
56,2026-07-17 08:43:38,7478,44,33,0,0
56,2026-07-17 08:43:38,7477.75,248,199,0,0
56,2026-07-17 08:43:38,7477.5,222,147,20,0
56,2026-07-17 08:43:38,7477.25,79,52,0,0
56,2026-07-17 08:43:38,7477,131,45,30,0
56,2026-07-17 08:43:38,7476.75,109,98,33,0
56,2026-07-17 08:43:38,7476.5,80,97,0,0
56,2026-07-17 08:43:38,7476.25,127,72,0,0
56,2026-07-17 08:43:38,7476,202,103,10,0
56,2026-07-17 08:43:38,7475.75,223,154,49,0
56,2026-07-17 08:43:38,7475.5,165,129,0,0
56,2026-07-17 08:43:38,7475.25,158,245,0,12
56,2026-07-17 08:43:38,7475,326,363,20,0
56,2026-07-17 08:43:38,7474.75,453,315,0,0
56,2026-07-17 08:43:38,7474.5,254,228,0,0
56,2026-07-17 08:43:38,7474.25,244,143,0,0
56,2026-07-17 08:43:38,7474,137,81,0,0
56,2026-07-17 08:43:38,7473.75,12,13,0,0
56,2026-07-17 08:43:38,7473.5,12,0,0,0
57,2026-07-17 08:44:42,7476,288,280,0,25
57,2026-07-17 08:44:42,7475.75,348,320,28,0
57,2026-07-17 08:44:42,7475.5,267,262,38,0
57,2026-07-17 08:44:42,7476.25,217,258,40,0
57,2026-07-17 08:44:42,7475.25,208,230,15,0
57,2026-07-17 08:44:42,7475,221,123,0,0
57,2026-07-17 08:44:42,7474.75,2,0,0,0
57,2026-07-17 08:44:42,7476.5,182,177,12,0
57,2026-07-17 08:44:42,7476.75,206,262,0,0
57,2026-07-17 08:44:42,7477,198,264,0,21
57,2026-07-17 08:44:42,7477.25,149,210,0,59
57,2026-07-17 08:44:42,7477.5,49,120,0,38
57,2026-07-17 08:44:42,7477.75,12,61,0,0
57,2026-07-17 08:44:42,7478,13,31,0,0
57,2026-07-17 08:44:42,7478.25,13,83,0,0
57,2026-07-17 08:44:42,7478.5,0,25,0,0
57,2026-07-17 08:44:42,7478.75,160,48,85,25
57,2026-07-17 08:44:42,7479,26,28,0,0
57,2026-07-17 08:44:42,7479.25,15,29,0,0
57,2026-07-17 08:44:42,7479.5,244,29,27,0
57,2026-07-17 08:44:42,7479.75,7,37,0,0
57,2026-07-17 08:44:42,7480,8,33,0,0
57,2026-07-17 08:44:42,7480.25,0,14,0,0
57,2026-07-17 08:44:42,7480.5,14,37,0,0
57,2026-07-17 08:44:42,7480.75,22,23,0,0
57,2026-07-17 08:44:42,7481,12,23,0,0
57,2026-07-17 08:44:42,7481.25,4,7,0,0
57,2026-07-17 08:44:42,7481.5,11,26,0,0
57,2026-07-17 08:44:42,7481.75,127,16,10,0
57,2026-07-17 08:44:42,7482,80,76,0,0
57,2026-07-17 08:44:42,7482.25,35,57,0,0
57,2026-07-17 08:44:42,7482.5,127,30,60,0
57,2026-07-17 08:44:42,7482.75,0,16,0,0
58,2026-07-17 08:45:25,7481.5,45,99,0,0
58,2026-07-17 08:45:25,7481.75,54,96,0,0
58,2026-07-17 08:45:25,7482,166,115,81,10
58,2026-07-17 08:45:25,7482.25,69,104,0,0
58,2026-07-17 08:45:25,7482.5,89,74,13,0
58,2026-07-17 08:45:25,7482.75,159,155,0,0
58,2026-07-17 08:45:25,7483,105,141,0,0
58,2026-07-17 08:45:25,7481.25,34,37,0,0
58,2026-07-17 08:45:25,7481,5,37,0,0
58,2026-07-17 08:45:25,7480.75,27,54,0,0
58,2026-07-17 08:45:25,7480.5,115,152,0,0
58,2026-07-17 08:45:25,7480.25,103,71,0,0
58,2026-07-17 08:45:25,7480,38,35,0,0
58,2026-07-17 08:45:25,7479.75,6,0,0,0
58,2026-07-17 08:45:25,7483.25,116,157,0,44
58,2026-07-17 08:45:25,7483.5,158,160,0,0
58,2026-07-17 08:45:25,7483.75,87,173,0,0
58,2026-07-17 08:45:25,7484,26,59,0,0
58,2026-07-17 08:45:25,7484.25,25,35,0,0
58,2026-07-17 08:45:25,7484.5,43,27,0,0
58,2026-07-17 08:45:25,7484.75,112,130,0,0
58,2026-07-17 08:45:25,7485,64,121,0,10
58,2026-07-17 08:45:25,7485.25,41,40,0,0
58,2026-07-17 08:45:25,7485.5,118,71,10,0
58,2026-07-17 08:45:25,7485.75,72,85,0,0
58,2026-07-17 08:45:25,7486,132,121,0,0
58,2026-07-17 08:45:25,7486.25,86,93,0,0
58,2026-07-17 08:45:25,7486.5,57,132,0,0
58,2026-07-17 08:45:25,7486.75,25,28,0,0
58,2026-07-17 08:45:25,7487,87,69,0,0
58,2026-07-17 08:45:25,7487.25,171,129,46,0
58,2026-07-17 08:45:25,7487.5,148,162,35,0
58,2026-07-17 08:45:25,7487.75,180,146,0,0
58,2026-07-17 08:45:25,7488,111,204,0,0
58,2026-07-17 08:45:25,7488.25,75,103,13,0
58,2026-07-17 08:45:25,7488.5,39,66,0,25
58,2026-07-17 08:45:25,7488.75,0,30,0,0
59,2026-07-17 08:46:25,7488.25,165,224,14,0
59,2026-07-17 08:46:25,7488,154,202,0,0
59,2026-07-17 08:46:25,7488.5,116,174,0,0
59,2026-07-17 08:46:25,7488.75,113,144,12,40
59,2026-07-17 08:46:25,7489,87,80,0,0
59,2026-07-17 08:46:25,7489.25,33,52,0,0
59,2026-07-17 08:46:25,7489.5,43,33,0,0
59,2026-07-17 08:46:25,7489.75,0,6,0,0
59,2026-07-17 08:46:25,7487.75,147,177,0,0
59,2026-07-17 08:46:25,7487.5,338,356,0,12
59,2026-07-17 08:46:25,7487.25,348,267,0,0
59,2026-07-17 08:46:25,7487,217,133,0,0
59,2026-07-17 08:46:25,7486.75,111,89,0,0
59,2026-07-17 08:46:25,7486.5,45,34,0,0
59,2026-07-17 08:46:25,7486.25,50,94,0,13
59,2026-07-17 08:46:25,7486,101,140,0,0
59,2026-07-17 08:46:25,7485.75,100,137,10,20
59,2026-07-17 08:46:25,7485.5,134,149,0,34
59,2026-07-17 08:46:25,7485.25,92,113,0,0
59,2026-07-17 08:46:25,7485,181,163,20,10
59,2026-07-17 08:46:25,7484.75,118,65,0,0
59,2026-07-17 08:46:25,7484.5,62,66,0,12
59,2026-07-17 08:46:25,7484.25,55,38,10,0
59,2026-07-17 08:46:25,7484,48,45,0,0
59,2026-07-17 08:46:25,7483.75,40,62,0,0
59,2026-07-17 08:46:25,7483.5,58,21,0,0
59,2026-07-17 08:46:25,7483.25,45,21,0,0
59,2026-07-17 08:46:25,7483,55,95,0,0
59,2026-07-17 08:46:25,7482.75,74,53,0,0
59,2026-07-17 08:46:25,7482.5,72,25,0,0
59,2026-07-17 08:46:25,7482.25,26,15,0,0
60,2026-07-17 08:47:39,7488.25,20,47,0,0
60,2026-07-17 08:47:39,7488,49,27,0,0
60,2026-07-17 08:47:39,7487.75,10,10,0,0
60,2026-07-17 08:47:39,7488.5,9,15,0,0
60,2026-07-17 08:47:39,7488.75,17,18,0,0
60,2026-07-17 08:47:39,7489,65,97,0,0
60,2026-07-17 08:47:39,7489.25,79,61,11,0
60,2026-07-17 08:47:39,7489.5,52,106,0,12
60,2026-07-17 08:47:39,7489.75,9,42,0,0
60,2026-07-17 08:47:39,7490,19,57,0,10
60,2026-07-17 08:47:39,7490.25,41,37,0,0
60,2026-07-17 08:47:39,7490.5,80,47,0,0
60,2026-07-17 08:47:39,7490.75,84,87,0,0
60,2026-07-17 08:47:39,7491,71,136,0,0
60,2026-07-17 08:47:39,7491.25,43,71,0,0
60,2026-07-17 08:47:39,7491.5,23,62,0,17
60,2026-07-17 08:47:39,7491.75,72,43,24,0
60,2026-07-17 08:47:39,7492,81,72,0,0
60,2026-07-17 08:47:39,7492.25,130,127,13,13
60,2026-07-17 08:47:39,7492.5,133,140,0,0
60,2026-07-17 08:47:39,7492.75,108,197,0,13
60,2026-07-17 08:47:39,7493,178,225,0,0
60,2026-07-17 08:47:39,7493.25,223,197,0,0
60,2026-07-17 08:47:39,7493.5,218,274,0,0
60,2026-07-17 08:47:39,7493.75,235,256,0,0
60,2026-07-17 08:47:39,7494,115,226,13,0
60,2026-07-17 08:47:39,7494.25,95,130,25,0
60,2026-07-17 08:47:39,7494.5,114,180,0,35
60,2026-07-17 08:47:39,7494.75,50,144,0,0
60,2026-07-17 08:47:39,7495,129,144,0,18
60,2026-07-17 08:47:39,7495.25,107,203,0,0
60,2026-07-17 08:47:39,7495.5,87,119,0,10
60,2026-07-17 08:47:39,7495.75,76,75,0,0
60,2026-07-17 08:47:39,7496,0,6,0,0
61,2026-07-17 08:48:38,7495.5,408,312,51,15
61,2026-07-17 08:48:38,7495.25,315,398,0,34
61,2026-07-17 08:48:38,7495.75,274,313,38,29
61,2026-07-17 08:48:38,7495,277,387,0,0
61,2026-07-17 08:48:38,7494.75,307,301,10,0
61,2026-07-17 08:48:38,7496,164,253,0,25
61,2026-07-17 08:48:38,7496.25,91,182,0,10
61,2026-07-17 08:48:38,7496.5,117,137,0,0
61,2026-07-17 08:48:38,7496.75,24,100,0,0
61,2026-07-17 08:48:38,7494.5,235,238,0,0
61,2026-07-17 08:48:38,7494.25,195,218,0,0
61,2026-07-17 08:48:38,7494,258,141,50,0
61,2026-07-17 08:48:38,7493.75,94,69,0,0
61,2026-07-17 08:48:38,7493.5,73,74,0,0
61,2026-07-17 08:48:38,7493.25,53,60,0,0
61,2026-07-17 08:48:38,7497,0,5,0,0
61,2026-07-17 08:48:38,7493,106,123,0,22
61,2026-07-17 08:48:38,7492.75,38,53,0,0
61,2026-07-17 08:48:38,7492.5,63,25,0,0
61,2026-07-17 08:48:38,7492.25,12,7,0,0
62,2026-07-17 08:49:48,7495.75,192,131,30,0
62,2026-07-17 08:49:48,7495.5,91,57,0,0
62,2026-07-17 08:49:48,7495.25,33,25,0,0
62,2026-07-17 08:49:48,7495,41,20,0,0
62,2026-07-17 08:49:48,7496,263,275,0,16
62,2026-07-17 08:49:48,7496.25,336,255,22,0
62,2026-07-17 08:49:48,7496.5,137,244,0,20
62,2026-07-17 08:49:48,7496.75,132,174,0,0
62,2026-07-17 08:49:48,7497,154,184,0,11
62,2026-07-17 08:49:48,7497.25,183,166,0,0
62,2026-07-17 08:49:48,7497.5,197,213,0,10
62,2026-07-17 08:49:48,7497.75,200,284,0,0
62,2026-07-17 08:49:48,7498,277,270,0,10
62,2026-07-17 08:49:48,7498.25,243,319,0,0
62,2026-07-17 08:49:48,7498.5,132,164,11,0
62,2026-07-17 08:49:48,7498.75,53,130,0,0
62,2026-07-17 08:49:48,7499,18,71,0,10
62,2026-07-17 08:49:48,7499.25,5,37,0,10
62,2026-07-17 08:49:48,7499.5,110,58,70,0
62,2026-07-17 08:49:48,7499.75,66,80,0,0
62,2026-07-17 08:49:48,7500,55,115,0,0
62,2026-07-17 08:49:48,7500.25,64,76,0,30
62,2026-07-17 08:49:48,7500.5,22,142,0,89
62,2026-07-17 08:49:48,7500.75,0,5,0,0
63,2026-07-17 08:51:08,7500.25,77,48,0,0
63,2026-07-17 08:51:08,7500,13,126,0,59
63,2026-07-17 08:51:08,7499.75,93,67,0,0
63,2026-07-17 08:51:08,7499.5,78,123,0,10
63,2026-07-17 08:51:08,7499.25,145,130,0,0
63,2026-07-17 08:51:08,7499,171,190,0,0
63,2026-07-17 08:51:08,7498.75,138,209,0,0
63,2026-07-17 08:51:08,7498.5,148,125,0,0
63,2026-07-17 08:51:08,7498.25,115,49,0,0
63,2026-07-17 08:51:08,7498,57,78,0,0
63,2026-07-17 08:51:08,7497.75,130,178,0,50
63,2026-07-17 08:51:08,7497.5,182,204,0,10
63,2026-07-17 08:51:08,7497.25,206,176,0,0
63,2026-07-17 08:51:08,7497,313,412,0,60
63,2026-07-17 08:51:08,7496.75,304,284,0,0
63,2026-07-17 08:51:08,7496.5,322,267,27,0
63,2026-07-17 08:51:08,7496.25,139,100,0,0
63,2026-07-17 08:51:08,7496,58,20,0,0
63,2026-07-17 08:51:08,7500.5,102,91,0,0
63,2026-07-17 08:51:08,7500.75,35,71,0,0
63,2026-07-17 08:51:08,7501,18,75,0,10
63,2026-07-17 08:51:08,7501.25,57,30,0,0
63,2026-07-17 08:51:08,7501.5,113,149,0,13
63,2026-07-17 08:51:08,7501.75,42,77,0,0
63,2026-07-17 08:51:08,7502,37,62,0,0
63,2026-07-17 08:51:08,7502.25,0,27,0,0
63,2026-07-17 08:51:08,7502.5,8,32,0,10
64,2026-07-17 08:52:38,7502.5,94,177,0,13
64,2026-07-17 08:52:38,7502.75,151,191,0,0
64,2026-07-17 08:52:38,7502.25,195,285,0,11
64,2026-07-17 08:52:38,7502,320,257,95,0
64,2026-07-17 08:52:38,7501.75,405,346,66,45
64,2026-07-17 08:52:38,7501.5,293,151,14,13
64,2026-07-17 08:52:38,7501.25,90,61,0,0
64,2026-07-17 08:52:38,7501,59,47,0,0
64,2026-07-17 08:52:38,7500.75,66,86,0,0
64,2026-07-17 08:52:38,7500.5,126,69,0,0
64,2026-07-17 08:52:38,7500.25,56,28,0,10
64,2026-07-17 08:52:38,7500,37,18,0,0
64,2026-07-17 08:52:38,7499.75,28,12,0,0
64,2026-07-17 08:52:38,7499.5,13,0,0,0
64,2026-07-17 08:52:38,7503,55,131,0,0
64,2026-07-17 08:52:38,7503.25,70,90,25,20
64,2026-07-17 08:52:38,7503.5,103,162,0,10
64,2026-07-17 08:52:38,7503.75,87,153,0,20
64,2026-07-17 08:52:38,7504,0,116,0,10
64,2026-07-17 08:52:38,7504.25,131,93,27,10
64,2026-07-17 08:52:38,7504.5,177,235,0,13
64,2026-07-17 08:52:38,7504.75,72,185,0,10
64,2026-07-17 08:52:38,7505,81,137,0,40
64,2026-07-17 08:52:38,7505.25,101,161,0,10
64,2026-07-17 08:52:38,7505.5,93,99,0,0
64,2026-07-17 08:52:38,7505.75,58,84,0,10
64,2026-07-17 08:52:38,7506,51,108,0,0
64,2026-07-17 08:52:38,7506.25,0,6,0,0
65,2026-07-17 08:53:56,7505.5,256,241,11,0
65,2026-07-17 08:53:56,7505.25,266,172,0,0
65,2026-07-17 08:53:56,7505.75,378,336,10,25
65,2026-07-17 08:53:56,7506,210,248,0,0
65,2026-07-17 08:53:56,7506.25,141,299,0,61
65,2026-07-17 08:53:56,7506.5,157,168,0,0
65,2026-07-17 08:53:56,7506.75,197,221,0,42
65,2026-07-17 08:53:56,7507,150,123,49,0
65,2026-07-17 08:53:56,7507.25,80,88,0,0
65,2026-07-17 08:53:56,7507.5,71,171,0,37
65,2026-07-17 08:53:56,7507.75,16,43,0,0
65,2026-07-17 08:53:56,7505,168,145,0,0
65,2026-07-17 08:53:56,7504.75,184,93,0,0
65,2026-07-17 08:53:56,7504.5,162,138,0,0
65,2026-07-17 08:53:56,7504.25,149,136,0,0
65,2026-07-17 08:53:56,7504,124,70,0,0
65,2026-07-17 08:53:56,7503.75,39,25,0,0
65,2026-07-17 08:53:56,7503.5,66,58,0,0
65,2026-07-17 08:53:56,7503.25,66,82,0,0
65,2026-07-17 08:53:56,7503,82,22,0,0
65,2026-07-17 08:53:56,7502.75,26,14,0,0
65,2026-07-17 08:53:56,7502.5,10,10,0,0
65,2026-07-17 08:53:56,7502.25,65,61,0,0
65,2026-07-17 08:53:56,7502,81,61,0,0
65,2026-07-17 08:53:56,7501.75,115,105,0,0
65,2026-07-17 08:53:56,7501.5,91,19,0,0
66,2026-07-17 08:55:07,7502,1,6,0,0
66,2026-07-17 08:55:07,7502.25,3,6,0,0
66,2026-07-17 08:55:07,7502.5,14,26,0,0
66,2026-07-17 08:55:07,7502.75,16,21,0,0
66,2026-07-17 08:55:07,7503,9,20,0,0
66,2026-07-17 08:55:07,7503.25,12,11,0,0
66,2026-07-17 08:55:07,7503.5,5,15,0,0
66,2026-07-17 08:55:07,7503.75,0,7,0,0
66,2026-07-17 08:55:07,7504,1,7,0,0
66,2026-07-17 08:55:07,7504.25,24,21,0,10
66,2026-07-17 08:55:07,7504.5,66,49,0,0
66,2026-07-17 08:55:07,7504.75,105,131,0,14
66,2026-07-17 08:55:07,7505,107,114,0,0
66,2026-07-17 08:55:07,7505.25,192,139,0,0
66,2026-07-17 08:55:07,7505.5,209,129,0,0
66,2026-07-17 08:55:07,7505.75,285,289,10,0
66,2026-07-17 08:55:07,7506,186,253,0,25
66,2026-07-17 08:55:07,7506.25,243,192,0,0
66,2026-07-17 08:55:07,7506.5,157,336,0,47
66,2026-07-17 08:55:07,7506.75,190,183,0,0
66,2026-07-17 08:55:07,7507,199,324,0,34
66,2026-07-17 08:55:07,7507.25,313,413,0,98
66,2026-07-17 08:55:07,7507.5,98,143,0,0
66,2026-07-17 08:55:07,7507.75,44,72,0,0
66,2026-07-17 08:55:07,7508,64,65,0,0
66,2026-07-17 08:55:07,7508.25,88,91,0,0
66,2026-07-17 08:55:07,7508.5,145,222,0,41
66,2026-07-17 08:55:07,7508.75,129,129,0,0
66,2026-07-17 08:55:07,7509,41,113,0,50
66,2026-07-17 08:55:07,7509.25,7,21,0,0
67,2026-07-17 08:56:25,7505.25,132,110,0,10
67,2026-07-17 08:56:25,7505.5,164,104,0,0
67,2026-07-17 08:56:25,7505.75,196,190,0,0
67,2026-07-17 08:56:25,7506,255,286,10,13
67,2026-07-17 08:56:25,7506.25,292,226,0,0
67,2026-07-17 08:56:25,7506.5,279,222,10,0
67,2026-07-17 08:56:25,7506.75,219,218,0,10
67,2026-07-17 08:56:25,7507,316,254,35,28
67,2026-07-17 08:56:25,7505,150,274,0,122
67,2026-07-17 08:56:25,7504.75,34,19,0,0
67,2026-07-17 08:56:25,7507.25,219,183,0,11
67,2026-07-17 08:56:25,7507.5,259,266,0,0
67,2026-07-17 08:56:25,7507.75,109,271,12,44
67,2026-07-17 08:56:25,7508,50,105,0,10
67,2026-07-17 08:56:25,7508.25,41,28,0,0
67,2026-07-17 08:56:25,7508.5,41,57,0,0
67,2026-07-17 08:56:25,7508.75,81,39,34,0
67,2026-07-17 08:56:25,7509,71,75,0,0
67,2026-07-17 08:56:25,7509.25,8,77,0,43
67,2026-07-17 08:56:25,7509.5,23,23,0,0
67,2026-07-17 08:56:25,7509.75,93,66,0,0
67,2026-07-17 08:56:25,7510,36,201,0,63
67,2026-07-17 08:56:25,7510.25,4,43,0,0
67,2026-07-17 08:56:25,7510.5,0,29,0,0
67,2026-07-17 08:56:25,7510.75,0,22,0,0
67,2026-07-17 08:56:25,7511,0,40,0,11
68,2026-07-17 08:57:41,7507,5,9,0,0
68,2026-07-17 08:57:41,7506.75,4,1,0,0
68,2026-07-17 08:57:41,7507.25,20,14,0,0
68,2026-07-17 08:57:41,7507.5,14,16,0,0
68,2026-07-17 08:57:41,7507.75,19,26,0,0
68,2026-07-17 08:57:41,7508,5,19,0,0
68,2026-07-17 08:57:41,7508.25,7,65,0,49
68,2026-07-17 08:57:41,7508.5,59,20,0,0
68,2026-07-17 08:57:41,7508.75,113,149,0,25
68,2026-07-17 08:57:41,7509,135,108,0,0
68,2026-07-17 08:57:41,7509.25,165,229,10,0
68,2026-07-17 08:57:41,7509.5,61,173,0,71
68,2026-07-17 08:57:41,7509.75,160,75,0,0
68,2026-07-17 08:57:41,7510,431,312,155,49
68,2026-07-17 08:57:41,7510.25,263,318,0,0
68,2026-07-17 08:57:41,7510.5,199,293,14,52
68,2026-07-17 08:57:41,7510.75,107,243,0,48
68,2026-07-17 08:57:41,7511,1,106,0,41
68,2026-07-17 08:57:41,7511.25,0,76,0,40
68,2026-07-17 08:57:41,7511.5,53,30,0,0
68,2026-07-17 08:57:41,7511.75,142,240,0,89
68,2026-07-17 08:57:41,7512,160,236,21,15
68,2026-07-17 08:57:41,7512.25,69,88,0,0
68,2026-07-17 08:57:41,7512.5,122,74,0,10
68,2026-07-17 08:57:41,7512.75,112,190,0,0
68,2026-07-17 08:57:41,7513,193,81,24,0
68,2026-07-17 08:57:41,7513.25,202,189,10,0
68,2026-07-17 08:57:41,7513.5,89,206,0,26
68,2026-07-17 08:57:41,7513.75,0,4,0,0
69,2026-07-17 08:59:17,7512,96,127,0,15
69,2026-07-17 08:59:17,7512.25,37,125,0,12
69,2026-07-17 08:59:17,7511.75,62,23,0,0
69,2026-07-17 08:59:17,7511.5,11,0,0,0
69,2026-07-17 08:59:17,7512.5,263,166,0,10
69,2026-07-17 08:59:17,7512.75,248,345,0,19
69,2026-07-17 08:59:17,7513,193,354,14,57
69,2026-07-17 08:59:17,7513.25,143,122,0,0
69,2026-07-17 08:59:17,7513.5,194,112,0,0
69,2026-07-17 08:59:17,7513.75,140,120,26,0
69,2026-07-17 08:59:17,7514,48,106,15,0
69,2026-07-17 08:59:17,7514.25,44,60,0,15
69,2026-07-17 08:59:17,7514.5,132,98,10,0
69,2026-07-17 08:59:17,7514.75,166,135,0,0
69,2026-07-17 08:59:17,7515,201,160,32,0
69,2026-07-17 08:59:17,7515.25,132,154,0,0
69,2026-07-17 08:59:17,7515.5,242,196,0,0
69,2026-07-17 08:59:17,7515.75,362,286,0,0
69,2026-07-17 08:59:17,7516,177,323,10,40
69,2026-07-17 08:59:17,7516.25,128,181,0,14
69,2026-07-17 08:59:17,7516.5,74,86,0,0
69,2026-07-17 08:59:17,7516.75,14,40,0,0
69,2026-07-17 08:59:17,7517,6,68,0,0
70,2026-07-17 09:00:24,7513.25,220,179,0,0
70,2026-07-17 09:00:24,7513.5,149,133,19,10
70,2026-07-17 09:00:24,7513.75,212,232,0,36
70,2026-07-17 09:00:24,7514,84,141,0,0
70,2026-07-17 09:00:24,7514.25,22,83,0,20
70,2026-07-17 09:00:24,7513,225,127,10,0
70,2026-07-17 09:00:24,7512.75,97,90,0,0
70,2026-07-17 09:00:24,7512.5,68,35,0,0
70,2026-07-17 09:00:24,7514.5,4,32,0,0
70,2026-07-17 09:00:24,7514.75,0,2,0,0
70,2026-07-17 09:00:24,7515,43,52,0,0
70,2026-07-17 09:00:24,7515.25,0,8,0,0
70,2026-07-17 09:00:24,7515.5,14,36,0,0
70,2026-07-17 09:00:24,7515.75,2,14,0,0
70,2026-07-17 09:00:24,7516,24,38,0,10
70,2026-07-17 09:00:24,7516.25,24,45,0,0
70,2026-07-17 09:00:24,7516.5,95,152,0,41
70,2026-07-17 09:00:24,7516.75,64,99,10,0
70,2026-07-17 09:00:24,7517,53,78,0,15
70,2026-07-17 09:00:24,7517.25,79,39,0,0
70,2026-07-17 09:00:24,7517.5,97,98,0,0
70,2026-07-17 09:00:24,7517.75,111,131,0,0
70,2026-07-17 09:00:24,7518,7,46,0,0
70,2026-07-17 09:00:24,7518.25,9,37,0,0
70,2026-07-17 09:00:24,7518.5,6,21,0,0
70,2026-07-17 09:00:24,7518.75,72,71,0,12
70,2026-07-17 09:00:24,7519,124,169,0,0
70,2026-07-17 09:00:24,7519.25,53,108,0,0
70,2026-07-17 09:00:24,7519.5,98,133,0,62
70,2026-07-17 09:00:24,7519.75,121,124,0,0
70,2026-07-17 09:00:24,7520,59,242,0,100
70,2026-07-17 09:00:24,7520.25,111,144,0,0
70,2026-07-17 09:00:24,7520.5,122,143,0,0
70,2026-07-17 09:00:24,7520.75,140,116,0,0
70,2026-07-17 09:00:24,7521,96,228,0,0
70,2026-07-17 09:00:24,7521.25,57,56,22,0
70,2026-07-17 09:00:24,7521.5,60,50,13,13
70,2026-07-17 09:00:24,7521.75,62,76,0,0
70,2026-07-17 09:00:24,7522,0,8,0,0
71,2026-07-17 09:01:00,7521,335,183,0,0
71,2026-07-17 09:01:00,7521.25,496,367,39,0
71,2026-07-17 09:01:00,7521.5,444,350,0,0
71,2026-07-17 09:01:00,7520.75,373,170,12,0
71,2026-07-17 09:01:00,7521.75,386,304,10,0
71,2026-07-17 09:01:00,7522,252,257,10,32
71,2026-07-17 09:01:00,7522.25,135,135,60,10
71,2026-07-17 09:01:00,7522.5,0,27,0,0
71,2026-07-17 09:01:00,7520.5,173,119,0,0
71,2026-07-17 09:01:00,7520.25,243,259,10,53
71,2026-07-17 09:01:00,7520,318,232,10,15
71,2026-07-17 09:01:00,7519.75,170,129,0,0
71,2026-07-17 09:01:00,7519.5,141,115,11,0
71,2026-07-17 09:01:00,7519.25,124,98,0,0
71,2026-07-17 09:01:00,7519,107,25,0,0
71,2026-07-17 09:01:00,7518.75,31,2,0,0
72,2026-07-17 09:01:45,7519.25,102,133,0,0
72,2026-07-17 09:01:45,7519,155,184,0,0
72,2026-07-17 09:01:45,7518.75,172,164,0,0
72,2026-07-17 09:01:45,7518.5,189,148,0,0
72,2026-07-17 09:01:45,7518.25,321,232,0,0
72,2026-07-17 09:01:45,7518,373,263,47,0
72,2026-07-17 09:01:45,7517.75,284,209,0,0
72,2026-07-17 09:01:45,7517.5,122,43,0,0
72,2026-07-17 09:01:45,7517.25,4,0,0,0
72,2026-07-17 09:01:45,7519.5,171,95,0,0
72,2026-07-17 09:01:45,7519.75,164,190,0,0
72,2026-07-17 09:01:45,7520,248,286,0,51
72,2026-07-17 09:01:45,7520.25,219,199,0,10
72,2026-07-17 09:01:45,7520.5,234,307,0,40
72,2026-07-17 09:01:45,7520.75,209,183,0,40
72,2026-07-17 09:01:45,7521,66,130,0,0
72,2026-07-17 09:01:45,7521.25,113,80,0,0
72,2026-07-17 09:01:45,7521.5,94,81,0,0
72,2026-07-17 09:01:45,7521.75,83,66,0,0
72,2026-07-17 09:01:45,7522,57,56,0,0
72,2026-07-17 09:01:45,7522.25,8,62,0,46
73,2026-07-17 09:02:41,7520.5,243,248,0,0
73,2026-07-17 09:02:41,7520.25,182,199,0,0
73,2026-07-17 09:02:41,7520.75,274,379,10,100
73,2026-07-17 09:02:41,7521,230,277,10,126
73,2026-07-17 09:02:41,7521.25,176,221,0,50
73,2026-07-17 09:02:41,7521.5,280,231,0,31
73,2026-07-17 09:02:41,7520,143,146,0,0
73,2026-07-17 09:02:41,7519.75,190,156,10,0
73,2026-07-17 09:02:41,7519.5,182,109,0,0
73,2026-07-17 09:02:41,7519.25,120,52,0,0
73,2026-07-17 09:02:41,7519,124,30,0,0
73,2026-07-17 09:02:41,7518.75,56,3,0,0
73,2026-07-17 09:02:41,7518.5,11,0,0,0
73,2026-07-17 09:02:41,7521.75,441,437,11,40
73,2026-07-17 09:02:41,7522,228,229,0,10
73,2026-07-17 09:02:41,7522.25,98,144,0,10
73,2026-07-17 09:02:41,7522.5,46,60,0,0
73,2026-07-17 09:02:41,7522.75,76,64,0,0
73,2026-07-17 09:02:41,7523,79,193,0,42
73,2026-07-17 09:02:41,7523.25,15,51,0,0
73,2026-07-17 09:02:41,7523.5,21,48,0,0
73,2026-07-17 09:02:41,7523.75,0,9,0,0
74,2026-07-17 09:03:39,7519,196,157,0,0
74,2026-07-17 09:03:39,7519.25,203,152,0,0
74,2026-07-17 09:03:39,7518.75,57,23,0,0
74,2026-07-17 09:03:39,7519.5,408,317,25,46
74,2026-07-17 09:03:39,7519.75,573,468,59,59
74,2026-07-17 09:03:39,7520,380,386,24,17
74,2026-07-17 09:03:39,7520.25,381,330,0,0
74,2026-07-17 09:03:39,7520.5,319,328,0,0
74,2026-07-17 09:03:39,7520.75,357,245,21,31
74,2026-07-17 09:03:39,7521,168,263,0,11
74,2026-07-17 09:03:39,7521.25,182,186,19,0
74,2026-07-17 09:03:39,7521.5,94,122,0,0
74,2026-07-17 09:03:39,7521.75,60,108,0,0
74,2026-07-17 09:03:39,7522,7,28,0,10
74,2026-07-17 09:03:39,7522.25,0,2,0,0
75,2026-07-17 09:04:42,7519,233,214,0,0
75,2026-07-17 09:04:42,7519.25,178,256,0,0
75,2026-07-17 09:04:42,7519.5,94,145,0,0
75,2026-07-17 09:04:42,7519.75,82,89,0,0
75,2026-07-17 09:04:42,7518.75,184,71,10,0
75,2026-07-17 09:04:42,7518.5,49,149,0,71
75,2026-07-17 09:04:42,7518.25,70,70,0,0
75,2026-07-17 09:04:42,7518,14,0,0,0
75,2026-07-17 09:04:42,7520,8,77,0,0
75,2026-07-17 09:04:42,7520.25,2,18,0,0
75,2026-07-17 09:04:42,7520.5,0,10,0,0
75,2026-07-17 09:04:42,7520.75,9,65,0,50
75,2026-07-17 09:04:42,7521,55,43,0,0
75,2026-07-17 09:04:42,7521.25,18,22,0,0
75,2026-07-17 09:04:42,7521.5,102,169,0,45
75,2026-07-17 09:04:42,7521.75,49,100,0,0
75,2026-07-17 09:04:42,7522,0,29,0,0
75,2026-07-17 09:04:42,7522.25,27,15,0,0
75,2026-07-17 09:04:42,7522.5,12,31,0,0
75,2026-07-17 09:04:42,7522.75,8,16,0,0
75,2026-07-17 09:04:42,7523,29,57,0,0
75,2026-07-17 09:04:42,7523.25,20,46,0,0
75,2026-07-17 09:04:42,7523.5,57,68,0,0
75,2026-07-17 09:04:42,7523.75,111,71,0,0
75,2026-07-17 09:04:42,7524,143,121,10,0
75,2026-07-17 09:04:42,7524.25,318,228,10,0
75,2026-07-17 09:04:42,7524.5,482,429,47,52
75,2026-07-17 09:04:42,7524.75,172,294,0,19
75,2026-07-17 09:04:42,7525,52,145,0,54
75,2026-07-17 09:04:42,7525.25,96,113,0,48
75,2026-07-17 09:04:42,7525.5,120,85,0,0
75,2026-07-17 09:04:42,7525.75,23,125,0,46
75,2026-07-17 09:04:42,7526,63,123,0,43
75,2026-07-17 09:04:42,7526.25,20,106,0,45
76,2026-07-17 09:05:29,7525.5,120,188,0,12
76,2026-07-17 09:05:29,7525.25,162,114,0,0
76,2026-07-17 09:05:29,7525,195,158,16,0
76,2026-07-17 09:05:29,7524.75,169,170,0,0
76,2026-07-17 09:05:29,7524.5,297,160,0,0
76,2026-07-17 09:05:29,7524.25,211,98,52,0
76,2026-07-17 09:05:29,7525.75,80,127,0,0
76,2026-07-17 09:05:29,7526,118,65,10,0
76,2026-07-17 09:05:29,7526.25,157,124,54,0
76,2026-07-17 09:05:29,7526.5,194,239,22,20
76,2026-07-17 09:05:29,7526.75,191,269,0,0
76,2026-07-17 09:05:29,7527,171,267,0,20
76,2026-07-17 09:05:29,7527.25,122,244,12,59
76,2026-07-17 09:05:29,7524,92,127,0,0
76,2026-07-17 09:05:29,7523.75,115,150,0,0
76,2026-07-17 09:05:29,7523.5,177,146,0,0
76,2026-07-17 09:05:29,7523.25,218,191,10,0
76,2026-07-17 09:05:29,7523,169,88,0,0
76,2026-07-17 09:05:29,7522.75,57,35,0,0
76,2026-07-17 09:05:29,7522.5,19,0,0,0
76,2026-07-17 09:05:29,7527.5,57,99,0,13
76,2026-07-17 09:05:29,7527.75,53,89,0,0
76,2026-07-17 09:05:29,7528,24,82,0,10
76,2026-07-17 09:05:29,7528.25,26,74,0,0
76,2026-07-17 09:05:29,7528.5,0,2,0,0
77,2026-07-17 09:06:31,7528.25,276,148,10,0
77,2026-07-17 09:06:31,7528,160,68,0,0
77,2026-07-17 09:06:31,7528.5,283,299,0,24
77,2026-07-17 09:06:31,7528.75,249,216,0,0
77,2026-07-17 09:06:31,7529,291,261,34,0
77,2026-07-17 09:06:31,7529.25,414,311,59,0
77,2026-07-17 09:06:31,7529.5,264,403,0,10
77,2026-07-17 09:06:31,7529.75,159,166,0,20
77,2026-07-17 09:06:31,7530,13,114,0,22
77,2026-07-17 09:06:31,7530.25,31,30,0,0
77,2026-07-17 09:06:31,7530.5,0,4,0,0
77,2026-07-17 09:06:31,7527.75,129,104,10,0
77,2026-07-17 09:06:31,7527.5,156,107,0,0
77,2026-07-17 09:06:31,7527.25,86,48,19,0
77,2026-07-17 09:06:31,7527,142,249,0,71
77,2026-07-17 09:06:31,7526.75,168,270,0,143
77,2026-07-17 09:06:31,7526.5,172,139,10,0
77,2026-07-17 09:06:31,7526.25,174,79,0,0
77,2026-07-17 09:06:31,7526,46,54,0,0
77,2026-07-17 09:06:31,7525.75,42,22,0,0
77,2026-07-17 09:06:31,7525.5,89,47,0,0
77,2026-07-17 09:06:31,7525.25,17,0,0,0
78,2026-07-17 09:07:41,7526.75,108,169,0,37
78,2026-07-17 09:07:41,7526.5,166,155,11,0
78,2026-07-17 09:07:41,7526.25,213,208,0,40
78,2026-07-17 09:07:41,7526,219,158,0,0
78,2026-07-17 09:07:41,7525.75,183,111,0,0
78,2026-07-17 09:07:41,7525.5,137,132,0,33
78,2026-07-17 09:07:41,7525.25,14,0,0,0
78,2026-07-17 09:07:41,7527,260,185,0,0
78,2026-07-17 09:07:41,7527.25,443,270,145,0
78,2026-07-17 09:07:41,7527.5,137,273,0,46
78,2026-07-17 09:07:41,7527.75,175,162,14,0
78,2026-07-17 09:07:41,7528,240,366,0,105
